3209 4884
557 293 647 386 26

545 519 640 584 -ep
711 497 858 574 105,
909 497 988 566 8:
1063 497 1322 580 ,Tutum
1370 497 1586 579 aliqua
1635 515 1741 564 res
1787 484 1855 564 'in
1908 488 2077 568 mala
2126 495 2529 572 conscientia
2572 509 2882 589 praestat,

561 606 740 672 nulla
787 613 1104 672 securum‘
1169 611 1234 669 et
1282 604 1432 670 Sen.
1482 605 1755 670 Phaedr.
1808 605 1935 672 169
1982 610 2107 682 (ed.
2161 612 2408 695 Peip.):
2473 615 2719 693 ,Scelus
2770 614 2886 678 ali.

559 718 961 796 qua'tutnm,
1015 710 1189 775 nulla
1236 729 1535 777 securum
1592 711 1778 778 tulit‘.
1870 714 1970 780 Cf.
2020 716 2098 779 de
2149 716 2334 782 clem.
2390 721 2446 801 1,
2502 721 2603 800 19,
2653 723 2713 787 5.

736 819 982 903 Mayna
1023 836 1126 881 res
1169 818 1332 881 vocis
1377 823 1435 884 et
1480 819 1719 884 silentii
1766 825 2313 901 temperamentum
2328 845 2351 900 ,·
2413 828 2483 888 iu
2530 829 2639 893 hoc
2686 835 2887 895 tamen

555 927 851 1008 incumbe,
899 931 970 989 ut
1015 923 1312 990 libentius
1357 925 1591 990 audias
1636 947 1827 1008 quam
1875 928 2172 1008 loquaris.
2248 930 2289 995 S
2322 948 2381 1011 p.
2412 929 2560 996 220.
2608 937 2657 998 Ρ
2686 935 2725 998 f.
2760 937 2842 1004 18
2858 945 2882 974 ²

555 1035 621 1100 M
668 1033 710 1100 9
759 1043 824 1098 et
869 1031 956 1099 74
1069 1032 1230 1098 Cum
1275 1032 1649 1098 Vincentius
1687 1033 1930 1124 Bellov.
1983 1053 2076 1117 sq.
2127 1054 2283 1099 mor.
2334 1037 2393 1108 3,
2428 1037 2551 1114 1,4
2599 1043 2885 1108 scribat:

556 1143 852 1221 ,Quidam
901 1129 1370 1223 philosophus}
1406 1140 1609 1206 Serva
1655 1142 1831 1206 vocis
1882 1149 1949 1208 et
1996 1143 2241 1206 silentii
2275 1148 2885 1229 temperamentum,

556 1255 622 1314 et
667 1248 725 1314 si
769 1247 948 1330 loqui
997 1248 1292 1324 libuerit,
1344 1247 1434 1311 sic
1486 1248 1807 1328 loquariS,
1874 1256 1946 1314 ut
1992 1249 2141 1314 aliis
2201 1249 2514 1314 libentius
2575 1253 2883 1317 audiaris‘

554 1355 726 1420 haud
775 1354 910 1421 scio
962 1374 1042 1418 an
1093 1354 1207 1419 ille
1258 1361 1590 1418 auctorem
1638 1354 1791 1419 libri
1840 1356 1921 1420 de
1968 1356 2290 1438 moribUS,
2360 1359 2502 1423 dico
2554 1359 2881 1438 Senecam,

549 1443 970 1544 intellexerit,
1020 1462 1408 1544 praesertim
1458 1481 1602 1527 cum
1654 1462 1755 1527 hic
1804 1481 2001 1545 saepe
2047 1464 2129 1528 de
2183 1464 2309 1528 ista
2354 1483 2425 1528 re
2460 1465 2766 1546 disputet,
2814 1469 2885 1528 ut

549 1590 648 1653 ep.
697 1569 846 1648 105,
895 1568 952 1635 6.

734 1677 1204 1760 Quietissimam
1248 1677 1445 1740 vitam
1506 1675 1801 1740 mortales
1860 1680 2141 1759 ayereut,
2202 1678 2263 1741 si
2320 1679 2467 1745 haec
2524 1677 2645 1743 duo
2702 1675 2886 1742 verba

551 1785 627 1850 de
671 1805 882 1850 rerum
947 1788 1182 1848 natura
1235 1783 1486 1847 tolleren
1495 1787 1640 1846 tur:
1700 1801 1903 1846 meum
1962 1788 2019 1848 et
2064 1787 2244 1847 tuum
2294 1835 2305 1848 .
2356 1805 2515 1866 quae
2574 1782 2757 1848 verba
2790 1783 2885 1866 (ἓ)

546 1911 658 1956 nos
702 1890 1056 1956 deridemus
1089 1887 1154 1971 *)
1174 1912 1193 1951 .·
1239 1888 1406 1952 nihil
1451 1889 1617 1952 enim
1663 1907 1866 1952 meum
1912 1895 2003 1952 est
2046 1909 2239 1970 neque
2282 1895 2463 1954 tuum
2478 1913 2501 1968 ,·
2544 1891 2683 1971 ipse
2721 1890 2887 1954 euim

544 2000 794 2064 alienus
837 2017 920 2062 ee.
1016 1997 1058 2062 S
1108 2016 1168 2077 p.
1219 1995 1372 2062 223.
1450 1997 1500 2060 P
1548 1994 1588 2059 f.
1643 1995 1813 2062 19².
1914 1996 2094 2061 Haec
2164 1999 2531 2074 sententia,
2600 2005 2672 2062 ut
2739 2015 2883 2061 cum

546 2107 910 2172 Stoicorum
960 2102 1300 2183 disciplina
1347 2103 1536 2184 plane
1585 2105 1885 2184 congruit
1952 2103 2056 2186 (de
2099 2123 2313 2167 rerum
2357 2108 2611 2186 natura,
2677 2123 2882 2168 meum

542 2217 600 2277 et
644 2217 840 2290 tuum,
887 2229 1028 2283 uos,
1094 2210 1203 2291 qui
1252 2215 1404 2273 sunt
1451 2209 1651 2275 Stoici
1700 2211 1889 2292 eique
1954 2211 2192 2275 ceteris
2243 2211 2629 2276 mortalibus
2679 2199 2871 2292 oppo-

541 2319 830 2400 nuntur),
896 2319 988 2382 ita
1044 2317 1304 2397 saepius
1355 2316 1660 2381 similiter
1708 2318 1951 2400 scripta
2010 2318 2180 2399 apud
2248 2318 2561 2382 Senecam
2621 2318 2877 2398 legitur,

541 2425 718 2491 velut
766 2424 845 2488 de
895 2422 1110 2488 benef.
1160 2419 1219 2496 7,
1269 2421 1331 2499 4,
1379 2420 1460 2487 6:
1529 2423 1785 2503 ,Omnia
1832 2424 2099 2488 deorum
2148 2431 2337 2489 sunt:
2386 2429 2607 2489 tamen
2657 2429 2725 2489 et
2766 2425 2876 2494 ,dis

545 2533 782 2597 donum
833 2529 1168 2610 posuimus
1211 2534 1278 2593 et
1325 2529 1560 2610 stipem
1611 2531 1904 2595 iecimus.
1996 2531 2139 2594 Non
2190 2529 2359 2608 ideo,
2426 2532 2595 2614 quod
2644 2531 2874 2606 habe0‚

541 2655 754 2703 meum
827 2642 959 2710 est,
1038 2637 1104 2722 ¹si
1185 2653 1396 2700 meum
1470 2640 1652 2700 tuum
1725 2645 1857 2701 est.-
1946 2641 2159 2718 potest
2231 2637 2403 2722 enim
2476 2639 2649 2703 idem
2729 2657 2875 2704 esse

542 2761 758 2808 meum
820 2747 886 2807 et
943 2748 1168 2806 tuum‘.
1263 2740 1360 2808 cf.
1411 2741 1489 2808 de
1538 2741 1743 2806 benef.
1818 2740 1891 2819 7,
1952 2741 2015 2806 5.
2087 2741 2161 2818 6,
2226 2741 2301 2818 3,
2352 2743 2412 2808 2.
2484 2742 2558 2822 7,
2632 2743 2747 2823 12,
2812 2745 2875 2810 5.

537 2851 655 2934 Ep.
705 2849 825 2930 98,
885 2848 1004 2915 10:
1065 2849 1410 2930 ,Quidquid
1461 2852 1592 2928 est,
1654 2849 1900 2924 Lucili,
1970 2847 2073 2912 cui
2122 2848 2418 2913 dominus
2468 2851 2870 2931 inscriberiS,

538 2959 707 3041 apud
758 2964 820 3022 te
871 2961 1001 3034 est,
1062 2963 1244 3020 tuum
1292 2974 1420 3019 non
1469 2963 1610 3020 est‘.
1706 2955 1819 3036 Ep.
1873 2954 1947 3032 1,
1984 2953 2073 3020 3:
2171 2955 2456 3042 ,Omnia,
2505 2961 2594 3024 mi
2642 2959 2870 3037 Lucili,

541 3065 758 3130 aliena
815 3069 1012 3128 sunt‘.
1105 3063 1288 3127 Rem.
1355 3062 1507 3127 fort.
1560 3061 1677 3141 10,
1728 3061 1849 3126 10:
1923 3079 2107 3143 ,quae
2174 3066 2285 3127 tua
2350 3064 2630 3130 forsitan
2689 3063 2868 3144 vulgi

537 3190 715 3236 more
766 3170 1140 3245 credideris,
1193 3171 1538 3250 mirorque,
1587 3169 1644 3233 si
1681 3169 1963 3233 nondum
2015 3169 2379 3251 intellegiS,
2432 3172 2689 3236 aliena‘.

713 3277 878 3342 Fato
922 3280 980 3340 te
1024 3275 1158 3358 reyi
1202 3275 1374 3340 crede
1387 3297 1409 3352 ,-
1469 3275 1681 3338 omnia
1722 3273 1959 3354 fortius
2000 3274 2168 3353 feres
2182 3297 2203 3352 ,·
2260 3277 2416 3342 scies
2460 3277 2623 3341 euim
2680 3267 2860 3351 quid-

535 3383 690 3466 quid
724 3381 1026 3464 patiaris,
1074 3400 1196 3444 nou
1240 3381 1552 3445 iniuriam
1598 3399 1747 3458 esse,
1794 3381 1904 3446 sed
1950 3383 2159 3464 leyem.
2256 3385 2297 3448 S
2348 3403 2406 3462 p.
2456 3379 2605 3446 223.
2678 3377 2857 3442 Haec
2914 3363 2916 3366 Α

536 3492 868 3556 sententia
915 3489 1117 3552 stoico
1167 3488 1459 3569 sapiente
1499 3488 1878 3570 dignissima
1928 3491 2165 3553 iterum
2196 3493 2387 3568 atque
2416 3485 2652 3548 iterum
2688 3481 2859 3565 apud

537 3598 852 3663 Senecam
907 3597 1150 3675 scripta
1213 3593 1489 3675 legitur,
1554 3602 1627 3659 ut
1691 3597 1758 3658 in
1822 3595 1989 3659 libro
2054 3597 2133 3659 de
2181 3592 2627 3669 Providentia,
2677 3591 2859 3656 cuius

535 3705 759 3786 quinto
806 3701 1018 3782 capite
1081 3701 1319 3766 dictum
1369 3703 1690 3766 Demetrii
1742 3701 1968 3784 Cynici
2032 3699 2228 3765 tradit
2287 3697 2599 3779 additque
2663 3698 2860 3762 haec:

532 3810 688 3892 ,fata
736 3827 854 3874 nos
903 3809 1281 3876 ducunt...
1323 3808 1468 3872 ideo
1517 3807 1779 3872 fortiter
1838 3825 2023 3870 omne
2091 3805 2466 3884 patiendum
2516 3811 2649 3882 est,
2710 3803 2863 3886 quia

532 3937 697 4000 non,
745 3925 817 3982 ut
862 3925 1196 3996 putamuS,
1247 3913 1545 3977 incidunt
1610 3915 1870 3993 cuncta,
1920 3911 2036 3974 sed
2096 3909 2497 3976 veniunt...
2534 3930 2652 3977 nos
2702 3909 2858 3974 laeti

530 4026 612 4090 ad
659 4025 876 4089 omnia
921 4028 990 4088 et
1035 4021 1236 4085 fortes
1288 4017 1641 4097 cogitemus
1712 4017 1875 4080 nihil
1939 4016 2155 4098 perire
2222 4017 2300 4084 de
2351 4024 2597 4085 nostro.
2692 4018 2861 4096 Qu‘id

706 4273 759 4338 ⁸⁵)
809 4272 844 4324 S
879 4269 1076 4323 habet:
1128 4269 1238 4336 ,qui
1273 4283 1402 4322 uero
1437 4283 1537 4320 nos
1575 4266 1913 4335 deridemus‘,
1964 4265 2035 4319 P:
2088 4267 2247 4337 ,Quid
2280 4283 2381 4322 nos
2420 4267 2693 4336 dedimuS,
2730 4265 2859 4334 quid

525 4359 942 4428 inquietamur‘?
