3209 4884
515 275 603 348 28

515 458 883 544 auqyillarc,
932 462 1000 523 et
1043 456 1346 540 propriae
1393 456 1761 522 locutiones
1811 476 1884 524 ac
1933 457 2270 536 formulae,
2321 460 2542 541 quales
2583 457 2856 526 suntad

514 587 646 633 rem
693 567 998 649 pertinet,
1061 583 1261 646 prope
1319 569 1412 628 est
1482 567 1552 628 ut
1622 564 1935 646 aliaeque.
2009 565 2189 642 Quae
2250 568 2377 633 etsi
2436 569 2516 634 ab
2578 567 2854 633 aliorum

517 675 909 755 scriptorum
941 672 1234 739 oratione
1265 690 1532 753 prorsus
1565 671 1783 738 aliena
1813 689 1959 737 esse
1992 689 2117 737 non
2152 673 2616 749 contenderim,
2637 677 2855 740 tamen

439 785 444 790 '
517 781 870 867 praecipue
899 779 1121 845 stilum
1150 780 1574 846 Annaeanum
1613 778 1727 844 illa
1774 799 1927 861 prae
1976 797 2046 845 se
2095 778 2271 844 ferre
2320 796 2397 843 eo
2446 783 2651 861 magis
2698 779 2857 846 mihi

519 888 839 974 persuasi,
869 885 1041 967 quod
1074 886 1246 953 haud
1282 904 1526 970 paucas
1565 887 1929 954 sententias
1961 887 2153 952 rebus
2186 885 2371 969 ipsiS,
2406 903 2575 966 quae
2613 890 2859 968 passim

521 1014 562 1062 a
604 992 987 1079 philosopho
1032 994 1545 1077 praecipiuntur,
1593 996 2041 1078 comprobatas
2077 994 2392 1061 videmus.

701 1099 914 1182 Atque
962 1100 1377 1165 exordiamur
1421 1120 1462 1166 a
1519 1100 1884 1182 singulis
1947 1100 2432 1167 vocabulis:

700 1206 851 1273 Non
889 1206 1140 1288 pusilla
1186 1211 1277 1272 cst
1321 1205 1558 1284 domu-5⁸,
1607 1227 1767 1288 quae
1811 1206 2043 1271 multos
2084 1206 2256 1287 capit
2302 1207 2568 1284 amicos;
2610 1225 2760 1271 nam
2786 1211 2859 1269 ut

523 1313 712 1379 illam
753 1313 1016 1394 fortuna
1061 1314 1451 1397 anqustavit‚
1512 1313 1606 1378 ita
1663 1313 1949 1378 amicitia
1977 1347 1980 1350 ·
2010 1313 2438 1395 amplificavit.
2530 1313 2581 1377 Ρ
2628 1311 2673 1380 f.
2720 1311 2807 1379 22
2830 1310 2860 1352 ¹³

522 1419 812 1484 Verbum
839 1423 1196 1503 oenyustare,
1227 1420 1400 1502 quod
1431 1419 1658 1487 Cicero
1695 1425 1961 1502 praeter
1990 1420 2404 1502 participium
2436 1421 2860 1500 ,angustatus‘

525 1525 780 1610 (Somn.
832 1527 1000 1607 Scip.
1047 1523 1123 1610 6)
1173 1527 1440 1609 sprevit,
1489 1533 1755 1608 praeter
1788 1527 2073 1592 Plinium
2126 1527 2310 1608 (hist.
2362 1531 2491 1592 nat.
2527 1525 2633 1606 17,
2680 1523 2739 1602 8,
2784 1527 2861 1609 4)

524 1636 757 1715 poetae
805 1636 1059 1697 tantum
1108 1633 1547 1714 scripserunt,
1610 1637 1684 1698 ut
1732 1633 2027 1699 Catullus
2075 1631 2191 1709 64,
2244 1631 2390 1699 159.
2453 1633 2753 1699 Lucanus
2800 1634 2863 1710 4,

540 1736 711 1816 3263
759 1738 823 1818 5,
870 1738 1022 1808 232.
1118 1739 1298 1808 Coei.
1348 1740 1568 1808 Aurel.
1621 1742 1806 1806 Acut.
1854 1739 1918 1820 1,
1967 1740 2082 1819 153
2132 1740 2298 1807 Stat.
2348 1738 2553 1804 Theb.
2599 1739 2663 1818 4,
2702 1736 2865 1817 8273

534 1845 642 1926 12,
690 1843 842 1915 665.
937 1847 1189 1913 Seneca
1236 1850 1453 1912 autem
1500 1846 1662 1912 illud
1719 1849 1892 1913 haud
1948 1865 2097 1912 raro
2158 1846 2426 1928 scripsit
2488 1851 2556 1910 et
2607 1845 2870 1926 quidem

529 1953 610 2018 ad
679 1952 944 2032 ,domus‘
994 1952 1281 2030 rettulit,
1343 1956 1416 2017 ut
1476 1953 1624 2022 dial.
1676 1952 1791 2036 12,
1860 1952 1978 2033 11,
2029 1951 2105 2020 3:
2181 1955 2496 2033 ,quamvis
2541 1970 2867 2033 ·magnam

527 2059 788 2125 domum
855 2063 1215 2141 angustet‘3
1287 2060 1439 2126 dial.
1506 2059 1611 2140 11,
1663 2059 1765 2136 10,
1815 2059 1892 2125 3:
1966 2059 2194 2142 ,Nimis
2259 2064 2568 2143 angustat
2632 2059 2869 2142 gaudia

531 2183 670 2242 sua,
722 2166 833 2247 qui
879 2167 962 2232 iis
1009 2168 1477 2248 tantummode,
1528 2186 1692 2248 quae
1739 2166 1938 2233 habet
1982 2185 2059 2232 ac
2102 2166 2306 2246 videt,
2359 2165 2492 2231 frui
2527 2183 2598 2231 se
2630 2170 2867 2246 putat‘3

529 2272 684 2341 dial.
733 2271 848 2351 12,
915 2271 987 2352 6,
1048 2272 1121 2339 1:
1194 2292 1297 2351 ,nc
1360 2281 1715 2357 angustare
1786 2274 2015 2339 videar
2077 2273 2263 2351 vim‘;
2336 2270 2485 2336 dial.
2535 2270 2606 2347 9,
2666 2269 2729 2348 8,
2792 2269 2867 2336 9:

537 2381 968 2462 ,angustanda
1013 2370 1194 2446 certe
1244 2384 1398 2447 sunt
1442 2381 1875 2463 patrimonia‘.
1950 2379 2051 2448 cf.
2102 2379 2189 2448 dl.
2226 2379 2289 2461 2,
2338 2375 2445 2459 15,
2492 2375 2567 2444 5;
2620 2377 2869 2458 ,domus

533 2487 700 2553 haec
745 2489 1069 2570 sapientis
1118 2493 1438 2570 angusta‘.
1531 2489 1714 2554 Rem.
1767 2488 1915 2555 fort.
1966 2485 2073 2566 16,
2123 2485 2200 2555 7:
2285 2486 2534 2565 ,domus
2594 2504 2722 2550 non
2782 2487 2873 2550 sit

535 2598 852 2676 angusta‘.
947 2595 1246 2671 Accedit,
1309 2595 1481 2677 quod
1547 2595 1931 2662 vocabulum
1995 2596 2318 2676 pusillus,
2385 2595 2511 2660 etsi
2571 2592 2683 2658 alii
2744 2610 2872 2656 non

534 2697 825 2780 fugiunt,
901 2705 1119 2768 tamen
1183 2708 1411 2768 auctor
1471 2707 1705 2767 noster-
1756 2703 1825 2767 in
1886 2702 2181 2767 omnibus
2240 2701 2425 2766 libris
2484 2698 2872 2780 saepissime

535 2807 896 2889 usurpavit.

593 2953 596 2960 -
720 2913 844 2996 Qui
891 2915 1248 2997 beneficium
1290 2915 1536 2998 accipit,
1583 2914 1839 2980 reddere
1883 2913 2149 2996 studeat,
2198 2918 2270 2977 ut
2299 2917 2585 2980 eoeoneret
2630 2933 2715 2998 se,
2750 2932 2872 2978 non

542 3020 777 3088 liberct'.
872 3022 915 3090 S
963 3043 1025 3106 p.
1059 3021 1211 3090 228.
1260 3025 1310 3088 P
1359 3023 1405 3090 f.
1436 3020 1524 3090 21
1553 3021 1615 3100 Ρ.
1705 3021 1991 3088 Verbum
2039 3039 2375 3086 exonerare
2423 3021 2652 3086 Cicero
2694 3019 2872 3085 vide-

543 3132 650 3193 tur
685 3127 973 3211 fugisse;
1006 3131 1178 3210 quod
1213 3148 1597 3212 quamquam
1629 3129 1743 3196 alii
1778 3135 1845 3195 et
1875 3147 2096 3194 rerum
2134 3129 2489 3209 scriptores
2526 3131 2591 3194 et
2620 3128 2869 3207 poetae,

543 3239 616 3299 ut
660 3234 882 3302 Livius
931 3233 1027 3318 (2,
1056 3233 1128 3313 2;
1175 3235 1282 3315 42,
1310 3235 1450 3318 13),
1499 3236 1763 3301 Tacitus
1802 3236 1993 3317 (Ann.
2018 3235 2081 3315 3,
2131 3233 2269 3318 54),
2322 3234 2581 3300 Curtius
2621 3230 2716 3311 (4,
2751 3225 2869 3310 133

546 3337 611 3419 6,
657 3337 756 3422 8),
828 3341 1098 3407 Ovidius
1164 3341 1394 3425 (Trist.
1446 3342 1506 3411 1.
1555 3342 1617 3409 3.
1666 3340 1807 3424 36),
1870 3341 2193 3407 Martialis
2244 3339 2384 3423 (10,
2431 3337 2550 3419 48)
2612 3335 2873 3418 saepius

542 3446 996 3525 adhibuerunt,
1042 3455 1260 3516 tamen
1307 3451 1556 3517 Seneca
1603 3469 1684 3516 eo
1730 3450 1896 3529 loco,
1943 3450 2053 3530 qui
2102 3449 2375 3514 eandem
2420 3460 2679 3525 quoque
2728 3460 2874 3507 sen-

542 3552 818 3618 tentiam
865 3556 1185 3637 continet,
1250 3557 1580 3623 simillime
1630 3557 2069 3623 accusativum
2114 3575 2179 3620 sc
2224 3571 2368 3618 cum
2417 3567 2493 3615 eo
2542 3546 2878 3629 coniungit

549 3678 648 3741 ep.
686 3657 796 3740 81,
844 3659 962 3727 17:
1033 3664 1251 3740 ,Errat
1295 3665 1488 3742 enim,
1537 3663 1594 3729 si
1645 3664 1791 3746 quis
1841 3661 2227 3728 beneficium
2288 3655 2526 3739 accipit
2570 3655 2877 3721 libentius

549 3787 740 3851 quam
789 3770 1022 3836 reddit.
1118 3771 1377 3849 Quanto
1424 3771 1693 3839 hilarior
1740 3775 1878 3848 est,
1942 3770 2052 3850 qui
2100 3765 2294 3833 solvit
2340 3781 2531 3845 quam
2579 3763 2691 3844 qui
2738 3781 2878 3828 mu-

546 3881 788 3964 tuatur,
837 3885 1023 3945 tanto
1071 3879 1266 3947 debet
1311 3877 1546 3944 laetior
1595 3896 1774 3960 esse,
1834 3876 1943 3958 qui
2005 3893 2077 3940 se
2136 3870 2415 3936 maximo
2464 3888 2616 3936 aere
2667 3869 2879 3935 alieno

547 3987 799 4069 accepti
847 3986 1152 4053 beneficii
1201 3988 1511 4052 exonerat
1567 4001 1761 4065 quam
1820 3981 1928 4064 qui
1976 3999 2121 4046 cum
2176 3979 2457 4045 maxime
2506 3976 2878 4060 obligatur‘.

731 4090 892 4160 Cum
933 4095 1139 4176 fratre
1182 4094 1275 4159 sic
1328 4091 1569 4173 divide,
1635 4095 1707 4156 ut
1762 4090 2117 4155 animorum
2174 4088 2550 4155 consortium
2609 4085 2878 4149 maneat.

551 4201 595 4269 S
633 4220 695 4283 p.
742 4199 894 4269 219.
953 4201 1004 4266 Ρ
1053 4199 1098 4266 f.
1149 4198 1325 4266 17b.
1421 4197 1818 4265 Vocabulum
1863 4197 2270 4275 consortium,
2330 4194 2501 4278 quod
2557 4192 2727 4274 apud
2776 4189 2883 4254 Ci-

567 4326 870 4377 ceronem
928 4325 1271 4390 nusquam,
1342 4307 1513 4390 apud
1571 4305 1733 4374 alios
1809 4324 2065 4391 quoque
2128 4305 2482 4386 scriptores
2547 4296 2883 4369 rarissime
