3209 4884
2607 262 2692 349 15

353 457 798 536 retinendam,
846 475 993 522 cum
1040 455 1238 524 etiam
1284 454 1353 521 in
1402 453 1633 520 ordine
1684 453 1770 533 M,
1818 454 1930 536 qui
1976 456 2041 520 in
2102 457 2478 524 universum
2543 475 2691 522 cum

355 568 398 634 S
449 568 494 632 P
545 567 876 647 conspirat
923 563 1036 639 (cf.
1083 565 1312 644 infra),
1360 563 1667 628 hocloco
1716 565 1932 644 posita
1977 563 2082 628 sit.
2595 549 2600 556 ”

533 673 712 750 Quae
762 693 906 739 cum
953 671 1044 736 ita
1091 659 1240 749 sint,
1290 671 1448 736 haec
1496 670 1650 736 licet
1698 669 2051 751 colligere:

535 782 608 864 1)
659 782 734 846 In
768 777 1045 863 utroque
1095 779 1316 844 codice
1365 783 1540 844 totae
1588 779 1957 842 sententiae
2008 778 2301 842 consulto
2338 778 2690 859 interpola-

363 889 537 953 tione
586 887 684 950 bis
731 886 1010 968 scriptae
1059 892 1240 964 sunt,
1304 884 1368 948 id
1418 884 1586 969 quod
1637 885 1912 949 maxime
1977 882 2293 949 vocabula
2357 885 2573 966 ‚enim‘
2626 889 2715 949 et·

363 994 447 1072 ,id
497 997 614 1058 est*
675 993 754 1057 ad
818 991 1250 1057 conectendas
1313 991 1678 1055 sententias
1743 990 1963 1056 addita
2025 991 2378 1056 declarant.
2474 991 2687 1069 Quare

357 1119 486 1164 non
537 1104 638 1164 est
685 1099 982 1177 dubium,
1044 1100 1200 1181 quin
1249 1106 1633 1180 utrumque,
1695 1099 1809 1162 sed
1878 1099 2155 1162 alterum
2204 1097 2409 1179 magis
2459 1098 2687 1176 altere,

357 1224 435 1271 ex
483 1207 602 1270 tali
653 1205 1003 1286 exemplari
1053 1206 1448 1287 exscriptum
1488 1206 1629 1282 sit,
1696 1204 1867 1286 quod
1930 1210 1998 1270 et
2044 1205 2256 1284 ipsum
2314 1205 2433 1269 hoc
2498 1204 2687 1268 modo

354 1313 484 1378 iam
532 1313 988 1394 interpolatum
1038 1317 1196 1376 erat.

535 1419 611 1500 2)
685 1420 960 1485 Constat
1008 1418 1170 1482 hanc
1220 1403 1693 1483 sententiarum
1741 1417 2190 1482 collectionem
2240 1437 2369 1482 non
2417 1417 2497 1481 ab
2546 1418 2688 1498 ipso

358 1533 624 1602 auctore
675 1527 869 1591 talem
917 1527 1344 1606 compositum
1393 1543 1559 1601 esse,
1610 1525 1815 1606 qualis
1865 1526 2052 1590 nobis
2101 1523 2368 1589 offertur
2403 1525 2469 1589 in
2502 1525 2684 1590 codd.

361 1635 402 1700 S
451 1633 537 1710 P;
609 1653 820 1716 neque
884 1633 1053 1698 enim
1115 1631 1471 1697 verisimile
1544 1636 1645 1697 est
1708 1632 1889 1696 illum
1953 1632 2020 1696 in
2084 1638 2335 1698 tantum
2400 1651 2687 1698 errorem

357 1741 691 1822 delapsum
745 1758 913 1814 esse,
963 1747 1037 1804 ut
1085 1740 1346 1804 easdem
1393 1735 1753 1804 sententias
1804 1739 2053 1804 duobus
2103 1739 2263 1804 locis
2314 1739 2685 1806 collocaret.

357 1846 482 1912 Ille
532 1848 699 1912 enim
751 1848 986 1923 codex,
1051 1847 1163 1930 qui
1211 1847 1652 1910 Parisinorum
1702 1847 1743 1912 S
1791 1847 1842 1910 P
1908 1847 2092 1927 quasi
2138 1866 2375 1929 parens
2425 1851 2527 1912 est
2572 1849 2681 1913 ha-

360 1953 625 2030 benduS,
678 1973 802 2019 non
854 1959 1074 2036 potest
1122 1954 1323 2017 fuisse
1373 1953 1513 2033 ipse
1564 1953 1845 2017 auctoris
1895 1953 2082 2034 liber,
2146 1955 2259 2018 sed
2308 1957 2688 2036 primarium

357 2059 597 2124 fontem
647 2062 724 2124 ad
775 2079 962 2125 avum
1013 2062 1332 2142 quendam
1381 2062 1479 2124 vel
1531 2059 1801 2124 abavum
1850 2062 1949 2126 vel
1981 2064 2289 2126 tritavum
2331 2062 2686 2128 referamus

358 2185 626 2232 necesse
687 2177 807 2232 est.
1862 2153 1865 2156 ⁴
1924 2151 1927 2159 Α

534 2275 778 2340 Restat.
831 2283 900 2338 ut
947 2275 1027 2338 de
1079 2274 1635 2355 glossematis
1685 2276 1972 2338 codicum
2026 2274 2450 2355 tii-putemus.
2546 2278 2688 2356 Qua

352 2382 418 2446 in
493 2401 566 2470 re
629 2384 788 2448 satis
857 2381 1064 2445 habeo
1125 2381 1474 2445 luculentis
1539 2381 1850 2465 exemplis
1914 2381 2295 2464 ostendere,
2367 2385 2685 2464 quomodo

347 2489 711 2554 sententiae
762 2489 860 2553 vel
909 2489 1144 2553 deletis
1190 2489 1294 2553 vel
1341 2489 1578 2553 additis
1626 2487 1961 2552 vocabulis
1994 2489 2379 2568 quibusdam
2426 2491 2527 2558 vel
2566 2493 2687 2556 cir-

353 2597 962 2677 cumscriptionibus
1012 2595 1347 2677 paullatim
1397 2595 1530 2659 sint
1567 2603 1929 2674 corruptae.
2032 2595 2117 2660 Ut
2162 2607 2377 2662 autem
2426 2615 2686 2664 accura-

357 2703 486 2766 tius
525 2703 990 2784 intelligamuS‚
1038 2721 1166 2784 qua
1215 2703 1466 2767 ratione
1512 2701 1721 2783 pestis
1771 2702 2297 2784 interpolationis
2348 2705 2686 2786 inceperit,

360 2824 508 2868 mox
555 2809 750 2874 latius
799 2815 1093 2891 grassata
1139 2811 1245 2892 sit,
1295 2829 1334 2874 a
1379 2829 1450 2875 re
1499 2811 1835 2891 proposita
1891 2828 2020 2876 non
2086 2818 2329 2876 temere
2376 2823 2533 2895 puto
2583 2833 2685 2880 me

247 2937 256 2946 ·
359 2911 632 2992 digredi,
682 2915 738 2979 si
785 2936 866 2982 ex
909 2916 1236 2983 codicibus
1291 2923 1356 2981 et
1405 2918 1799 2982 editionibus
1848 2917 1998 2983 libri
2064 2918 2146 2982 de
2208 2917 2497 2983 moribus
2547 2919 2683 3004 (M)

356 3021 673 3100 quaedam
725 3026 1118 3103 comparabo.
2376 3097 2379 3100 Δ

541 3127 630 3192 Ac
675 3128 952 3209 primum
999 3113 1259 3212 quidem
1307 3135 1554 3195 certum
1604 3133 1708 3195 est
1742 3128 2082 3198 maximam
2128 3137 2379 3212 partem
2418 3139 2683 3200 senten-

351 3233 595 3297 tiarum
645 3235 937 3300 codicum
985 3237 1048 3302 M
1097 3256 1177 3301 ex
1226 3236 1452 3300 eodem
1501 3208 1684 3301 fonte
1733 3236 2025 3300 haustam
2074 3255 2240 3317 esse,
2288 3257 2369 3303 ex
2393 3257 2521 3323 quo
2562 3238 2604 3304 S
2632 3239 2682 3304 P

354 3336 702 3406 fluxerunt.
799 3342 1030 3426 Itaque
1081 3362 1160 3408 ex
1207 3343 1339 3408 illis
1389 3341 1514 3408 143
1563 3342 1943 3417 sententiiS,
2009 3361 2175 3423 quae
2224 3348 2291 3408 et
2338 3345 2568 3411 Haasii
2618 3353 2686 3412 et
2792 3404 2797 3412 .

361 3445 708 3512 Woelfflini
785 3447 1180 3513 editionibus
1247 3466 1620 3513 communes
1697 3453 1851 3513 sunt
1921 3450 2108 3532 (nam
2185 3448 2447 3516 ultimas
2525 3453 2685 3518 duas

353 3551 453 3616 Fr.
503 3552 732 3618 Haasii
781 3552 1194 3620 Woelfflinus
1241 3562 1420 3619 recte
1469 3555 1725 3634 omisit,
1796 3559 2021 3637 utpote
2080 3556 2147 3619 in
2207 3559 2683 3625 recentioribus

353 3663 600 3724 tantum
649 3659 832 3725 libris
882 3661 1176 3740 traditaS,
1239 3661 1488 3742 aliquot
1533 3680 1733 3726 novas
1782 3663 1921 3743 ipse
1980 3664 2230 3744 primus
2290 3664 2538 3730 addidit
2605 3685 2685 3731 ex

351 3765 818 3832 vetustioribus
867 3771 1354 3849 recuperatas),
1417 3767 1564 3848 plus
1625 3785 1815 3849 quam
1876 3769 2043 3834 duae
2106 3778 2355 3850 parteS,
2418 3771 2683 3861 circiter

351 3880 626 3948 centum,
673 3873 743 3938 in
789 3874 891 3938 his
941 3875 1290 3947 codicibus..
1351 3875 1487 3940 sive
1545 3874 1610 3940 in
1672 3882 1946 3958 utroque
2008 3877 2144 3942 sive
2208 3875 2275 3941 in
2343 3877 2681 3958 alterutro,

347 3977 588 4043 insunt.
681 3977 1042 4046 Praeterea
1088 4001 1291 4062 novae
1339 3982 1709 4048 sententiae
1757 3983 2188 4066 quadraginta
2236 3990 2303 4048 et
2348 3983 2521 4065 quod
2570 4003 2681 4050 ex-

344 4083 552 4150 currit
597 4083 662 4148 in
712 4083 883 4149 hunc
927 4086 1168 4154 librum
1214 4095 1566 4174 congestae
1615 4098 1787 4158 sunt.

523 4189 740 4256 Ordo
791 4192 1200 4274 singularum
1245 4197 1716 4263 sententiarum
1767 4195 1894 4261 etsi
1940 4214 2240 4280 magnam
2285 4200 2540 4279 partem
2582 4204 2684 4264 est

338 4296 554 4377 idem,
632 4301 850 4364 tamen
919 4300 989 4366 in
1052 4301 1120 4367 M
1194 4304 1398 4384 magis
1467 4304 1767 4370 turbatus
1843 4320 2037 4385 quam
2102 4305 2171 4370 in
2236 4303 2281 4371 S
2324 4303 2396 4369 P.
2510 4302 2683 4374 Sunt
