3209 4884
545 249 634 334 16

550 445 727 512 enim
771 444 1123 530 nonaginta
1169 447 1473 528 quinque,
1530 465 1689 528 quas
1736 447 1803 515 M
1850 468 1993 516 cum
2044 452 2085 520 S
2136 453 2187 520 P
2235 474 2610 525 communes
2656 451 2874 528 habet,

546 555 628 620 de
675 572 944 637 quarum
993 553 1216 619 ordine
1285 554 1441 619 haec
1499 553 1657 620 licet
1720 555 2049 622 adnotare.
2144 558 2407 628 Priores
2456 561 2913 644 quadraginta,

546 668 852 744 quattuor
897 660 1282 728 sententiae.
1343 679 1502 743 quas
1531 662 1619 730 M
1667 663 1976 741 continet,
2038 663 2107 728 in
2156 663 2199 730 S
2229 665 2280 729 P
2327 686 2594 748 prorsus
2645 669 2880 736 desunt

547 775 813 852 praeter
881 770 1104 835 decem
1179 766 1329 852 (30.
1391 767 1453 834 6.
1510 769 1575 838 8.
1624 768 1685 836 9.
1735 768 1841 836 10.
1891 769 1997 835 11.
2046 769 2151 837 13.
2214 770 2319 838 14.
2382 770 2487 840 15.
2557 774 2685 859 12)
2760 777 2880 841 hoc

550 878 800 958 ordine,
848 895 1036 958 quem
1098 876 1447 958 adscripsi,
1506 877 1604 942 ita
1650 883 1901 957 tamen,
1962 883 2038 943 ut
2083 879 2258 943 inter
2303 877 2463 944 alias
2512 882 2879 947 sententias

549 983 932 1048 interiectae
980 982 1356 1064 longissime
1405 983 1671 1049 distent.
1764 985 1820 1049 A
1867 985 2194 1051 sententia
2222 985 2311 1052 44
2355 1003 2560 1066 usque
2593 987 2675 1050 ad
2713 993 2877 1053 sent.

543 1087 631 1156 57
677 1089 744 1153 in
809 1087 851 1154 S
898 1089 949 1153 P
1017 1095 1169 1156 sunt
1229 1108 1343 1154 sex
1403 1087 1540 1168 (45.
1589 1089 1723 1157 46»
1762 1090 1867 1157 47.
1924 1090 2032 1158 49.
2098 1090 2203 1158 50.
2266 1091 2409 1175 52),
2484 1109 2649 1173 quae
2696 1091 2881 1171 ipsae

549 1195 810 1278 quidem
864 1197 1093 1264 eodem
1143 1196 1369 1262 ordine
1417 1215 1488 1262 se
1537 1197 1886 1278 excipiunt,
1934 1199 2051 1264 sed
2099 1201 2274 1266 inter
2319 1199 2481 1265 alias
2544 1215 2749 1279 usque
2799 1197 2878 1260 ad

547 1307 714 1367 sent.
768 1300 855 1369 99
904 1303 1237 1383 dispersae
1285 1307 1456 1367 sunt.
1552 1304 1604 1367 A
1654 1305 1987 1370 sententia
2030 1305 2119 1372 47
2165 1324 2367 1386 usque
2414 1306 2497 1370 ad
2544 1309 2710 1372 sent.
2750 1301 2879 1370 141

547 1424 774 1474 omnes
821 1409 887 1474 in
937 1409 980 1475 S
1027 1409 1078 1473 P
1127 1415 1389 1475 exstant
1433 1415 1701 1492 praeter
1748 1417 1894 1477 octo
1944 1410 2082 1496 (95.
2134 1411 2283 1478 102.
2332 1411 2481 1479 103.
2534 1410 2680 1478 105.
2729 1409 2877 1478 112.

548 1513 698 1581 134.
749 1514 898 1582 136.
948 1513 1145 1597 139);
1193 1534 1361 1598 quae
1408 1517 1476 1582 in
1526 1517 1570 1584 S
1599 1518 1653 1583 P
1698 1537 1951 1600 quoque
1999 1518 2324 1601 leguntur,
2374 1520 2601 1585 eodem
2649 1518 2877 1584 ordine

547 1621 1065 1704 subsequuntur,
1114 1623 1243 1690 nisi
1289 1623 1460 1706 quod
1507 1630 1707 1690 sentt.
1753 1623 2065 1694 94-100
2125 1631 2193 1693 et
2252 1623 2605 1694 130—135
2666 1628 2878 1692 trans-

545 1729 800 1811 positae
848 1737 1022 1796 sunt.

727 1837 1009 1910 Maxime
1057 1844 1275 1904 autem
1323 1839 1554 1906 mirum
1603 1846 1725 1916 est,
1775 1841 1947 1922 quod
1994 1859 2073 1904 ex
2120 1839 2449 1920 prioribus
2478 1838 2568 1904 44
2614 1843 2879 1904 senten-

546 1944 659 2010 tiis
706 1963 834 2010 non
882 1945 1029 2027 plus
1078 1964 1268 2027 quam
1316 1948 1540 2012 decem
1587 1965 1832 2029 eaeque
1880 1965 1999 2029 per
2044 1951 2251 2013 totum
2276 1947 2513 2011 librum
2544 1945 2883 2025 dispersae

545 2051 1002 2132 inveniuntur,
1067 2069 1264 2133 quare
1322 2072 1449 2120 non
1511 2053 1801 2119 alienum
1857 2054 2116 2120 videtur
2159 2055 2281 2119 hoc
2339 2051 2483 2118 loco
2532 2052 2881 2124 disserere,

547 2157 701 2239 quid
750 2159 830 2223 de
881 2158 1070 2224 initio
1118 2157 1269 2224 libri
1332 2159 1398 2224 M
1460 2161 1548 2225 sit
1605 2153 2040 2226 iudicandum.
2133 2162 2345 2242 Atque
2404 2157 2883 2225 Proverbiis

545 2266 661 2346 (π
686 2266 796 2349 π),
843 2283 1010 2346 quae
1057 2265 1175 2332 Ed.
1225 2265 1633 2332 Woelfflinus
1682 2267 1899 2348 (Publ.
1952 2265 2095 2348 Syr.
2146 2274 2312 2333 sent.
2358 2285 2425 2347 p.
2474 2264 2563 2332 90
2606 2264 2737 2346 sq.)
2775 2261 2883 2326 lit-

549 2373 708 2437 teris
771 2372 1102 2437 inclinatis
1166 2374 1582 2454 exprimenda
1654 2373 1933 2452 curavit,
2012 2374 2267 2439 collatis
2341 2373 2621 2455 primum
2684 2368 2886 2436 statui

547 2484 767 2561 potest
821 2500 878 2542 π
930 2479 1198 2560 propius
1255 2480 1488 2545 abesse
1547 2498 1586 2544 a
1639 2479 1706 2544 M
1764 2499 1958 2561 quam
2004 2499 2043 2546 a
2104 2480 2145 2546 S
2196 2480 2266 2560 P,
2343 2479 2517 2561 quod
2580 2497 2726 2544 cum
2772 2477 2883 2544 illo

547 2585 960 2666 septuaginta
1008 2583 1181 2660 fere,
1233 2604 1375 2650 cum
1413 2586 1533 2652 hoc
1595 2587 2027 2670 quadraginta
2083 2586 2225 2653 fere
2281 2585 2646 2653 sententias
2711 2605 2883 2652 com-

545 2709 778 2757 munes
825 2691 1037 2758 habet.
1131 2691 1270 2756 Iam
1317 2711 1461 2758 cum
1507 2694 1665 2759 ordo
1712 2694 2206 2774 proverbiorum
2254 2697 2321 2760 et
2364 2712 2405 2760 a
2450 2693 2516 2758 M
2564 2698 2633 2759 et
2664 2711 2703 2757 a
2751 2693 2794 2760 S
2834 2693 2881 2758 P

545 2798 934 2880 permultum
1003 2798 1361 2881 discrepet,
1421 2801 1578 2866 ordo
1640 2801 2150 2878 sententiarum,
2214 2819 2372 2883 quas
2435 2801 2503 2866 M
2566 2801 2881 2881 continet,

550 2905 898 2970 maximam
943 2912 1196 2986 partem
1243 2926 1386 2973 cum
1435 2907 1478 2974 S
1527 2907 1577 2972 P
1626 2914 1969 2990 congruat,
2031 2907 2329 2974 ordinem
2388 2909 2882 2991 proverbiorum

497 3037 502 3042 ·
546 3011 740 3094 plane
801 3030 1098 3078 eversum
1160 3033 1306 3080 esse
1365 3033 1553 3081 nemo
1604 3016 1733 3081 erit
1794 3016 1902 3097 qui
1965 3013 2303 3082 infitietur.
2398 3016 2725 3083 Videlicet
2768 3013 2878 3094 qui

541 3120 886 3201 proverbia
947 3121 1014 3186 in
1079 3120 1292 3197 locum
1343 3140 1649 3187 versuum
1683 3119 2204 3189 Publilianorum
2242 3123 2616 3203 substituit,
2672 3116 2873 3194 magis

543 3227 834 3292 ordinem
868 3225 1232 3294 litterarum
1280 3234 1543 3294 secutus
1592 3205 1705 3294 esf
1741 3247 1933 3311 quam
1970 3230 2333 3296 sententias
2375 3231 2547 3310 ipsas
2594 3223 2867 3300 ideoque

543 3332 796 3414 singula
833 3333 1049 3414 verba,
1097 3338 1504 3416 praesertim,
1553 3355 1591 3402 a
1617 3335 1853 3418 quibus
1880 3337 2214 3403 exordium
2246 3337 2525 3408 sumunt,
2576 3325 2868 3392 mutavit.

551 3439 683 3506 Sed
729 3441 785 3504 si
844 3442 1096 3521 priores
1158 3443 1588 3524 quadraginta
1650 3447 1958 3525 quattuor
2016 3444 2371 3509 sententias
2440 3436 2593 3501 libri
2648 3435 2717 3500 M
2778 3454 2879 3502 re-

543 3547 814 3629 spicias,
890 3567 1104 3614 nonne
1166 3551 1307 3615 iure
1371 3549 1659 3635 mireris,
1720 3551 1893 3634 quod
1952 3569 2033 3617 ex
2080 3551 2173 3616 eis
2220 3549 2288 3612 in
2338 3546 2379 3612 S
2427 3544 2475 3608 P
2536 3542 2872 3618 tredecim,

545 3654 611 3720 in
657 3677 713 3716 π
760 3659 976 3720 autem
1022 3656 1290 3736 triginta
1327 3661 1634 3740 quattuor
1666 3658 1975 3724 exstant?
2039 3652 2203 3731 Quid
2231 3652 2479 3734 igitur?
2530 3649 2618 3716 Ut
2651 3649 2877 3731 paucis

547 3761 778 3837 dicam,
829 3762 982 3830 illae
1030 3763 1401 3830 sententiae
1445 3763 1778 3844 propriam
1826 3761 1983 3829 mihi
2013 3759 2319 3826 videntur
2366 3758 2697 3838 epitomen
2725 3776 2879 3824 con-

541 3869 788 3951 tinere,
859 3889 1051 3951 quam
1115 3869 1348 3951 aliquis
1409 3890 1490 3936 ex
1539 3871 1826 3936 Senecae
1890 3867 2291 3947 aliorumque
2356 3865 2541 3930 libris
2610 3884 2879 3932 consar-

544 3977 786 4043 cinavit
833 3985 900 4044 et
947 3995 1089 4042 eam
1137 3977 1396 4059 quidem
1427 3976 1721 4042 mutilam
1769 3975 1935 4040 alius
1984 3971 2083 4039 illi
2116 3973 2593 4040 sententiarum
2642 3972 2879 4039 collec-

543 4082 726 4164 tioni,
777 4101 944 4164 quae
993 4082 1062 4147 in
1103 4082 1144 4148 S
1183 4083 1233 4148 P
1282 4085 1518 4163 exstat,
1565 4080 1921 4164 praemisit.
2844 4149 2853 4157 ,

721 4190 813 4255 Ut
870 4190 951 4255 ad
1008 4209 1419 4255 numerum
1480 4187 1952 4253 sententiarum
2000 4193 2444 4272 transeamuS‚
2509 4188 2577 4254 M
2636 4185 2876 4250 duode-

543 4295 780 4379 viginti
827 4296 1192 4362 sententias
1225 4297 1535 4378 continet,
1583 4313 1745 4378 quae
1779 4294 1845 4361 in
1883 4296 1925 4364 S
1976 4297 2219 4378 insunt,
2264 4296 2334 4363 in
2364 4297 2419 4360 'P
2449 4298 2668 4360 autem
2706 4290 2881 4358 desi-
