3209 4884
469 221 514 312 ὂ

471 443 668 492 unum
718 425 1166 512 Theophrasti,
1216 439 1413 494 unum
1463 427 1868 496 Athenodori
1914 420 2213 497 immixta
2258 449 2441 499 esse:
2491 451 2569 498 ea
2592 429 2811 499 autem

473 532 540 596 in
591 532 878 601 Senecae
925 534 1127 601 libros
1177 536 1304 601 iam
1353 544 1618 619 recepta
1665 555 1781 604 cur
1827 537 1938 603 ille
1986 537 2097 620 qui
2141 539 2261 604 has
2288 542 2653 606 sententias
2678 539 2805 605 col-

469 637 628 721 legit
674 656 802 705 non
849 642 1064 722 potuit
1111 641 1512 726 decerpere?
1561 643 1780 723 Quid?
1830 641 2080 710 Seneca
2126 644 2268 727 ipse
2318 648 2376 711 si
2424 647 2806 730 opusculum

472 746 945 812 sententiarum
1007 749 1498 828 constituisset,
1565 768 1781 816 nonne
1829 749 1945 816 illa
1993 750 2163 816 dicta
2213 751 2278 815 in
2327 770 2526 818 unum
2575 754 2804 832 locum,

471 856 548 918 ut
591 871 710 934 par
755 857 917 930 erat,
965 854 1406 922 contulisset?
1497 857 1795 940 Denique
1836 859 2119 940 suspicio
2154 858 2414 923 admitti
2440 878 2568 924 non
2592 865 2813 943 potest

471 955 788 1024 Senecam
835 961 1047 1042 ipsum
1095 980 1134 1026 a
1183 963 1472 1035 Graecis,
1525 965 1671 1028 dico
1718 981 1758 1030 a
1806 964 1926 1029 VII
1974 963 2411 1046 SapientibuS‚
2458 969 2813 1047 praecepta

473 1067 849 1150 sumpsisse,
899 1085 978 1134 ea
1021 1074 1238 1135 autem
1290 1089 1417 1135 non
1466 1070 1533 1135 in
1581 1069 1713 1137 fine
1762 1075 1876 1136 aut
1920 1072 2126 1148 initio,
2189 1080 2263 1137 ut
2308 1070 2627 1154 oportuit,
2690 1073 2809 1136 sed

473 1173 540 1237 in
589 1173 803 1238 medio
863 1194 1062 1258 opere
1128 1178 1313 1259 quasi
1373 1177 1474 1243 sui
1538 1177 1789 1260 ingenii
1851 1178 2057 1244 fetum
2118 1180 2495 1245 inseruisse.
2586 1176 2807 1241 Potuit

471 1278 668 1360 igitur
730 1279 841 1347 ille
905 1283 1248 1348 multorum
1298 1283 1586 1350 virorum
1652 1282 1849 1350 flores
1919 1285 2269 1366 decerpere
2331 1291 2399 1349 et
2459 1291 2675 1350 tamen
2737 1282 2803 1346 in

472 1403 669 1469 opere
717 1405 836 1453 suo
886 1389 1345 1454 constituendo
1395 1409 1588 1454 unam
1637 1390 1807 1455 bene
1852 1391 2111 1456 vivendi
2142 1390 2547 1472 disciplinam
2598 1388 2803 1470 sequi,

473 1511 616 1558 eam
662 1493 942 1573 scilicet,
1005 1512 1200 1578 quam
1246 1495 1438 1560 unice
1485 1514 1703 1562 veram
1768 1514 1913 1562 esse
1971 1497 2097 1562 sibi
2143 1504 2597 1580 persuaserat3
2662 1511 2805 1561 eam

474 1607 692 1667 autem
753 1619 901 1667 esse
951 1601 1318 1668 Stoicorum
1384 1609 1450 1668 et
1496 1602 1790 1686 epilogus
1850 1609 1921 1668 et
1980 1606 2351 1670 sententiae
2399 1603 2580 1687 ipsae
2643 1600 2803 1666 satis

467 1707 822 1776 declarant.
917 1708 1136 1787 Quare
1182 1708 1302 1776 hoc
1351 1708 1568 1792 colligi
1615 1728 1811 1792 posse
1858 1710 2115 1777 videtur
2162 1711 2551 1792 scriptorem
2599 1707 2805 1774 fuisse

471 1815 837 1884 Stoicorum
882 1815 1213 1881 doctrinae
1255 1815 1573 1881 asseclam
1623 1823 1691 1881 et
1736 1835 1847 1881 eas
1894 1821 2145 1883 tantum
2195 1816 2471 1883 aliorum
2518 1814 2805 1898 philoso-

473 1922 744 2005 phorum
767 1923 1131 1988 sententias
1152 1923 1514 2004 immiscere
1535 1923 1851 2005 potuisse,
1874 1943 2040 2006 quae
2074 1924 2174 1990 illi
2199 1943 2326 1993 non
2348 1927 2807 2004 repugnarent.

649 2027 816 2094 Illud
864 2047 980 2112 pro
1030 2037 1208 2096 certo
1257 2028 1583 2096 affirmare
1652 2031 1861 2097 ausim
1924 2031 2281 2098 sententias
2341 2031 2570 2095 horum
2634 2027 2809 2094 codi-

469 2153 614 2200 cum
663 2154 743 2201 ex
791 2136 1240 2217 scriptoribus,
1287 2139 1398 2219 qui
1444 2136 1598 2204 fidei
1634 2137 2048 2205 Christianae
2096 2155 2228 2203 non
2277 2142 2499 2203 essent
2544 2134 2808 2213 addicti,

474 2251 813 2325 excerptas
864 2261 1032 2309 esse.
1110 2244 1272 2310 Nam
1316 2253 1388 2310 ut
1421 2247 1716 2311 omittam
1766 2252 2127 2312 extremam
2174 2244 2566 2310 sententiam
2614 2241 2807 2307 istius

471 2350 707 2432 epilogi
771 2350 837 2415 in
901 2350 1122 2415 codice
1171 2350 1219 2414 P
1268 2368 1307 2414 a
1352 2352 1722 2435 praeceptis
1772 2352 2141 2419 Stoicorum
2208 2350 2368 2416 nihil
2429 2347 2805 2426 abhorrere,

468 2455 784 2538 imprimis
835 2456 1190 2522 certissimo
1239 2462 1392 2522 sunt
1428 2464 1814 2540 argumento
1851 2459 2089 2525 verba:
2137 2458 2246 2538 ,dii
2294 2463 2449 2522 sunt
2492 2451 2801 2536 propitii.‘

469 2561 552 2628 Et
613 2560 911 2645 profecto
978 2583 1059 2630 ne
1125 2585 1256 2630 una
1317 2566 1576 2646 quidem
1642 2567 1978 2632 sententia
2037 2563 2574 2648 deprehenditur,
2640 2575 2804 2642 quae

467 2674 712 2734 certam
759 2667 912 2736 fidei
960 2669 1367 2736 Christianae
1414 2673 1763 2752 imaginem
1810 2690 1967 2754 prae
2017 2690 2089 2738 se
2139 2669 2341 2748 ferat;
2404 2669 2599 2734 immo
2652 2683 2806 2732 vero

469 2793 602 2840 non
669 2767 936 2851 desunt,
1004 2796 1086 2843 ex
1149 2775 1384 2859 quibus
1450 2778 1677 2860 procul
1748 2778 1943 2842 dubio
2009 2776 2405 2843 contrarium
2471 2777 2806 2857 appareat.

469 2879 564 2950 Cf.
615 2879 728 2947 fol.
775 2881 860 2950 21
891 2893 947 2950 ⁸:
1041 2882 1376 2963 ,Mundum
1423 2884 1692 2950 deorum
1740 2883 2111 2965 templum‘3
2174 2882 2217 2950 S
2264 2902 2327 2965 p.
2376 2879 2529 2962 223,
2574 2901 2636 2947 v,
2680 2876 2801 2948 29:

469 2988 557 3065 ,di
601 2988 800 3055 boni‘.
894 2989 1074 3056 Haec
1122 3007 1229 3055 res
1277 3008 1355 3055 eo
1405 2990 1671 3056 maioris
1696 2994 1800 3056 est
1821 2990 2153 3069 momenti,
2202 2989 2375 3073 quod
2401 2989 2500 3054 illi
2527 2987 2803 3064 codiceS,

471 3095 582 3176 qui
629 3095 838 3162 adhuc
886 3095 1250 3162 editoribus
1299 3089 1452 3161 libri
1500 3097 1578 3162 de
1628 3097 1919 3163 moribus
1966 3102 2232 3178 praesto
2281 3096 2571 3171 fuerunt,
2638 3092 2806 3157 sicut

469 3219 668 3284 supra
717 3202 1140 3280 ostendimuS,
1187 3203 1522 3284 complura
1567 3202 1924 3282 continent,
1974 3221 2141 3284 quae
2166 3203 2433 3284 ingenia
2478 3197 2804 3264 hominum

470 3305 990 3374 Christianorum
1054 3313 1279 3392 aperte
1344 3309 1656 3392 prodant,
1738 3308 1807 3374 id
1872 3314 2008 3386 est,
2089 3327 2253 3390 quae
2317 3301 2802 3385 interpolationi

469 3412 851 3480 debeantur.

647 3519 947 3602 Denique
997 3520 1257 3588 maximi
1305 3519 1613 3603 ponderis
1664 3524 1787 3601 est,
1835 3519 1989 3601 quid
2038 3538 2119 3584 ex
2156 3521 2461 3598 corrupto
2484 3513 2803 3582 vocabulo

470 3625 873 3706 ,miruffeam‘
910 3628 1018 3694 vel
1065 3626 1378 3711 ,mirifice‘
1430 3627 1823 3694 eliciendum
1884 3627 1990 3692 sit.
2082 3623 2401 3705 Equidem
2459 3641 2605 3688 cum
2650 3621 2805 3702 quid

468 3732 777 3800 adverbio
818 3732 1127 3812 ,mirifice‘
1178 3734 1454 3818 scriptor
1500 3733 1688 3814 quasi
1737 3734 1840 3799 sui
1868 3732 2167 3797 laudator
2188 3730 2487 3810 voluerit,
2536 3745 2805 3812 prorsus
2883 3749 2887 3753 ⁴

469 3858 597 3907 non
644 3857 974 3921 assequar,
1025 3861 1104 3907 ex
1147 3839 1346 3907 verbo
1395 3840 1641 3918 ‚habes‘
1690 3839 2056 3906 vocativum
2103 3837 2321 3919 potius
2348 3835 2632 3902 nominis
2659 3855 2805 3918 pro-

468 3948 624 4031 prii,
696 3947 876 4014 velut
940 3948 1113 4030 apud
1172 3947 1487 4014 Senecam
1555 3945 1674 4029 (dl.
1733 3945 1854 4022 IX,
1921 3941 2064 4029 12),
2129 3943 2577 4010 deducendum
2660 3960 2805 4010 esse

470 4055 740 4121 conicio.
832 4054 979 4121 Jam
1015 4053 1419 4135 comparanti
1441 4052 1704 4119 titulum
1750 4050 1859 4118 fol.
1885 4049 2019 4117 221‘
2060 4051 2371 4133 scriptum
2400 4050 2803 4137 (sententiae

467 4159 678 4243 Ruffi)
730 4162 838 4244 ,mi
889 4159 1079 4226 Ruffe
1127 4160 1275 4226 iam‘
1323 4159 1803 4226 restituendum
1849 4174 1994 4223 esse
2043 4157 2251 4225 videri
2308 4159 2533 4242 possit,
2583 4172 2802 4237 quam-

469 4283 661 4352 quam
709 4270 777 4334 et
821 4267 1052 4334 mirum
1113 4270 1217 4333 est
1273 4265 1564 4335 libellum
1610 4265 1695 4332 ad
1743 4284 1892 4334 eum
1941 4265 2133 4346 mitti,
2182 4266 2364 4332 cuius
2405 4265 2609 4348 ipsius
2658 4278 2803 4328 sen-
