3209 4884
510 429 729 496 multis
776 427 1256 511 periculosum‘.
1351 427 1449 496 Cf.
1499 429 1581 497 de
1628 434 1727 498 ira
1770 432 1845 512 3,
1893 416 1972 515 8,
2022 435 2095 501 1:
2174 427 2553 518 ,Sumuntur
2599 447 2637 504 a
2680 439 2828 504 con-

508 537 923 606 versantibus
985 555 1196 601 mores
1259 541 1440 622 etc‘3
1502 556 1602 618 ep.
1653 535 1727 617 7,
1780 541 1852 604 1:
1933 559 2303 623 ,numquam
2368 563 2617 624 moreS,
2678 563 2833 628 quos

513 643 737 722 extuli,
778 642 993 707 refero
1017 688 1046 703 ..
1083 693 1097 708 .
1130 661 1445 724 nusquam
1480 645 1622 709 sine
1663 644 1912 711 offensa
1943 646 2399 730 proferuntur3
2449 652 2570 719 hoc
2606 653 2839 718 accidit

513 750 726 830 nobie,
789 769 1062 831 quorum
1133 752 1331 815 animi
1393 770 1468 816 ex
1531 751 1724 834 longo
1791 755 2011 818 morbo
2067 753 2451 822 reficiuntur
2500 809 2515 824 .
2563 760 2839 824 Inimica

510 864 612 924 est
668 859 1016 922 multorum
1078 860 1534 924 conversatio‘·.
1630 860 1934 942 Denique
2001 860 2158 954 illud
2221 844 2609 940 monuerim,
2673 866 2843 947 quod

511 965 785 1038 Seneca,
849 969 922 1026 ut
978 965 1043 1029 in
1106 964 1224 1030 hac
1278 967 1609 1031 sententia
1667 965 1780 1046 fit,
1846 975 1995 1048 post
2055 989 2241 1050 aeque
2304 987 2565 1051 semper
2630 992 2840 1052 quam,

515 1090 840 1153 nunquam
887 1093 960 1136 ae
1006 1074 1293 1155 scripsit.

691 1178 814 1259 Qui
833 1183 1274 1260 paupertatem
1305 1180 1498 1257 timet,
1548 1179 1617 1244 di
1650 1180 1810 1258 boni,
1859 1202 2049 1263 quam
2086 1181 2351 1246 timidus
2381 1186 2486 1245 est.
2537 1181 2579 1246 S
2603 1200 2665 1262 p.
2684 1179 2830 1247 223.

508 1283 858 1350 Vocativus
907 1284 976 1349 di
1023 1285 1164 1349 boni
1214 1305 1532 1369 persaepe
1604 1290 1954 1354 sententiis
2018 1291 2307 1356 Senecae
2372 1289 2656 1354 insertus
2718 1295 2835 1368 est,

512 1399 583 1458 ut
631 1411 730 1473 ep.
783 1390 887 1470 13,
916 1392 977 1457 4.
1028 1391 1135 1471 64,
1168 1391 1228 1464 3.
1277 1391 1381 1467 86,
1440 1391 1542 1459 10.
1589 1391 1696 1476 95,
1728 1391 1835 1461 24.
1888 1394 2035 1472 115,
2071 1395 2134 1462 3.
2184 1397 2263 1461 de
2314 1396 2497 1459 clem.
2549 1393 2609 1474 1,
2641 1390 2747 1472 26,
2776 1392 2837 1458 3.

511 1507 644 1566 nat.
692 1517 797 1580 qu.
846 1499 917 1581 4,
969 1498 1080 1574 13,
1133 1497 1194 1564 9.

683 1605 784 1671 De
807 1605 1110 1687 felicitate
1133 1606 1404 1672 hominis
1429 1608 1699 1673 ultimus
1726 1609 1860 1673 dies
1885 1609 2144 1674 iudicat.
2197 1609 2239 1676 S
2267 1628 2328 1692 p.
2349 1606 2497 1678 220.
2535 1609 2585 1672 P
2616 1607 2661 1671 f.
2682 1604 2765 1673 18
2791 1616 2837 1671 ὃ.

513 1715 696 1797 Apud
747 1715 1063 1780 Senecam
1113 1732 1228 1795 pro
1279 1720 1492 1784 ,mors‘
1543 1717 1926 1796 saepissime
1976 1717 2265 1799 ,ultimus
2317 1717 2480 1781 dies‘
2524 1716 2835 1796 scriptum

511 1830 650 1897 est;
699 1821 779 1886 cf.
833 1821 981 1885 dial.
1033 1821 1138 1899 10,
1186 1820 1248 1900 3,
1297 1823 1370 1896 4;
1425 1820 1524 1895 11,
1574 1820 1635 1886 2.
1688 1822 1839 1886 dial.
1894 1821 1993 1898 11,
2047 1821 2147 1901 11,
2192 1824 2254 1889 4.
2306 1821 2455 1887 dial.
2508 1819 2612 1900 12,
2646 1819 2845 1902 13,·2.
2910 1901 2915 1907 ,

514 1946 615 2008 ep.
663 1924 769 2001 45,
824 1927 922 1992 13.
973 1926 1077 2000 61,
1133 1929 1190 1993 1.
1241 1927 1346 2010 93,
1396 1925 1456 1992 6.

685 2034 879 2098 Aeris
937 2036 1132 2100 alieni
1191 2039 1247 2099 et
1301 2033 1829 2100 iucundissimum
1876 2040 1934 2100 et
1988 2035 2436 2119 yravissimum
2496 2053 2626 2100 esse
2690 2035 2844 2105 seito

507 2141 859 2221 beneficium
877 2162 897 2218 ,·
942 2142 1088 2206 hnic
1113 2162 1432 2222 nunquam
1463 2141 1711 2208 tabulae
1739 2163 1927 2209 novae
1955 2144 2135 2224 finnt.
2203 2145 2243 2208 S
2282 2163 2343 2224 p.
2374 2141 2523 2208 222.
2588 2141 2841 2206 Seneca

507 2247 900 2311 locutionem
952 2268 1177 2327 ,novae
1227 2249 1512 2314 tabulae·
1582 2252 1887 2316 similiter
1946 2252 2025 2314 ad
2074 2249 2501 2328 ,beneficium‘
2566 2248 2843 2327 confert,

513 2356 592 2421 de
643 2354 852 2420 benef.
906 2355 965 2432 1,
991 2355 1054 2433 4,
1088 2354 1167 2422 62.
1212 2357 1392 2435 ‚Rem
1443 2357 2089 2438 perniciosissimam,
2140 2354 2603 2422 beneficiorum
2646 2373 2840 2420 novas

512 2462 809 2526 tabulas‘.
907 2461 1001 2528 cf.
1057 2484 1158 2544 ep.
1206 2461 1312 2543 81,
1361 2460 1482 2541 26;
1562 2465 1693 2551 ,qui
1752 2469 1903 2545 post
1964 2482 2161 2527 novas
2226 2462 2483 2527 tabulas
2536 2463 2837 2528 solvunt‘.

684 2567 887 2632 Multo·
933 2569 1240 2648 benefieiis
1285 2568 1603 2651 obliyandi
1626 2621 1642 2652 ‚
1702 2570 1813 2634 sed
1866 2571 2058 2650 pauci
2118 2569 2387 2635 iniuriis
2445 2567 2843 2648 offendendi5

507 2694 656 2738 nam
699 2676 998 2739 memoria
1043 2675 1467 2756 beneficiorum
1495 2675 1760 2758 frayilis
1787 2680 1894 2752 est,
1942 2676 2221 2740 iniuriae
2252 2681 2458 2740 tenax.
2521 2676 2571 2739 P
2610 2675 2656 2739 f.
2676 2673 2765 2740 22
2792 2683 2836 2736 ⁸.

508 2782 846 2848 Posterior
892 2783 1258 2847 sententiae
1318 2800 1468 2862 pars
1533 2789 1602 2847 et
1648 2783 1715 2846 in
1763 2775 2141 2847 universum
2202 2788 2269 2847 et
2328 2781 2605 2865 singulis
2652 2800 2842 2848 voca-

509 2890 680 2955 bulis
743 2891 1042 2972 congruit
1107 2908 1250 2954 cum
1309 2888 1476 2966 illis,
1538 2906 1705 2972 quae
1767 2888 1847 2952 de
1912 2885 2126 2953 benef.
2178 2887 2239 2965 1,
2290 2888 2349 2966 1,
2386 2873 2441 2955 ‘8
2499 2888 2839 2970 leguntur:

515 2997 696 3079 ,Cum
745 2998 839 3062 ita
895 3016 934 3061 a
981 3003 1214 3061 natura
1262 2996 1690 3078 compositum
1738 2994 1853 3071 sit,
1913 3000 1985 3058 ut
2043 2993 2239 3060 altius
2303 2997 2584 3062 iniuriae
2649 3013 2837 3076 quam

511 3105 744 3170 merita
792 3103 1193 3169 descendant
1250 3109 1316 3166 et
1373 3100 1490 3166 illa
1537 3103 1665 3166 cito
1715 3099 2035 3179 defluant,
2099 3101 2214 3167 has
2278 3108 2472 3168 tenax
2529 3099 2835 3165 memoria

509 3210 868 3292 custodiat,
936 3209 1091 3291 quid
1140 3213 1502 3287 exspectat,
1568 3207 1721 3287 quid
1782 3206 2089 3288 offendit,
2151 3209 2301 3274 dum
2362 3209 2641 3287 obligat‘.
2734 3199 2833 3268 Cf.

511 3315 659 3384 dial.
711 3315 817 3395 11,
867 3316 968 3390 14,
1021 3314 1095 3380 1:
1147 3315 1589 3389 ,tenacissima
1638 3315 1992 3380 memoria‘.

694 3420 817 3502 Qui
884 3421 1008 3486 sibi
1057 3423 1383 3503 persuasit
1445 3441 1635 3504 aequo
1694 3424 1904 3488 animo
1954 3422 2131 3505 pati,
2206 3414 2502 3503 quicquid
2555 3418 2833 3494 evenerit,

503 3531 796 3612 fortunae
852 3549 1108 3613 reynum
1169 3530 1446 3596 extorsit.
1539 3531 1590 3595 P
1648 3528 1692 3594 f.
1742 3529 1828 3596 23
1859 3540 1918 3593 ⁸.
2017 3531 2101 3596 Ut
2160 3528 2480 3608 ‚fortunae
2542 3525 2835 3602 regnum‘

513 3655 717 3720 saepe,
755 3638 922 3718 apud
973 3637 1288 3702 Senecam
1337 3637 1652 3720 scriptum
1700 3645 1803 3702 est
1851 3636 1966 3717 (cf.
2014 3634 2163 3702 dial.
2215 3633 2273 3712 1,
2301 3630 2364 3708 6,
2395 3628 2455 3696 ’7.
2506 3628 2568 3706 6,
2598 3629 2702 3710 10,
2732 3625 2836 3695 16.

509 3742 572 3822 ’7,
609 3741 714 3818 25,
753 3741 813 3808 5.
865 3740 1229 3825 10,10,4),
1277 3745 1371 3808 ita
1417 3744 1647 3810 similis
1696 3743 2023 3810 sententia
2069 3739 2310 3821 legitur
2356 3736 2507 3802 dial.
2544 3735 2605 3812 7,
2632 3735 2733 3813 15,
2764 3732 2838 3802 5:

510 3850 646 3931 ,Ille
709 3848 968 3915 fortiter
1027 3851 1228 3914 stabit
1291 3857 1357 3914 et
1415 3850 1715 3931 quicquid
1781 3847 2100 3920 evenerit,
2165 3844 2338 3911 feret
2392 3863 2519 3910 non
2578 3845 2840 3928 patiens

509 3961 798 4031 tantum,
840 3955 956 4020 sed
1005 3955 1198 4021 etiam
1246 3955 1533 4039 volens‘3
1583 3952 1731 4018 dial.
1781 3954 1839 4030 1,
1884 3951 1946 4033 2,
1995 3950 2071 4017 1;
2119 3951 2364 4031 ,Manet
2418 3951 2487 4019 in
2549 3956 2726 4016 statu
2775 3949 2841 4014 et

511 4063 810 4143 quicquid
860 4062 1108 4140 evenit,
1177 4062 1243 4128 in
1291 4079 1477 4127 suum
1526 4059 1809 4125 colorem
1858 4058 2096 4125 trahit‘.

685 4167 943 4254 Neyliyi
969 4169 1135 4233 malo
1169 4188 1358 4251 qnam
1393 4167 1463 4231 in
1496 4166 1787 4231 honorem
1820 4165 2112 4248 fortunae
2156 4165 2292 4232 coli.
2359 4163 2402 4230 S
2436 4183 2498 4247 p.
2526 4161 2691 4231 224:
2745 4157 2839 4240 ‚In

509 4273 862 4352 honorem‘,
910 4294 1097 4360 quam
1151 4275 1546 4342 locutionem
1603 4271 1913 4342 meliores
1962 4273 2315 4357 scriptores
2370 4270 2839 4348 devitaverunt,
