<?xml version="1.0" encoding="UTF-8"?>
<!DOCTYPE html PUBLIC "-//W3C//DTD XHTML 1.0 Transitional//EN"
    "http://www.w3.org/TR/xhtml1/DTD/xhtml1-transitional.dtd">
<html xmlns="http://www.w3.org/1999/xhtml" xml:lang="en" lang="en">
 <head>
  <title>
</title>
<meta http-equiv="Content-Type" content="text/html;charset=utf-8" />
  <meta name='ocr-system' content='tesseract 3.04.00' />
  <meta name='ocr-capabilities' content='ocr_page ocr_carea ocr_par ocr_line ocrx_word'/>
</head>
<body>
  <div class='ocr_page' id='page_1' title='image "./delannaeiseneca00haasgoog_0009.png"; bbox 0 0 3209 4884; ppageno 0'>
   <div class='ocr_carea' id='block_1_1' title="bbox 1369 1166 1757 1286">
    <p class='ocr_par' dir='ltr' id='par_1_1' title="bbox 1369 1166 1757 1286">
     <span class='ocr_line' id='line_1_1' title="bbox 1369 1166 1757 1286; baseline -0.013 -23"><span class='ocrx_word' id='word_1_1' title='bbox 1369 1166 1643 1286; x_wconf 75' lang='lat' dir='ltr'>caput</span> <span class='ocrx_word' id='word_1_2' title='bbox 1708 1167 1757 1261; x_wconf 93' lang='grc' dir='ltr'>Ι.</span> 
     </span>
    </p>
   </div>
   <div class='ocr_carea' id='block_1_2' title="bbox 379 1431 2727 3756">
    <p class='ocr_par' dir='ltr' id='par_1_2' title="bbox 379 1431 2727 3756">
     <span class='ocr_line' id='line_1_2' title="bbox 563 1431 2727 1516; baseline 0.001 -16"><span class='ocrx_word' id='word_1_3' title='bbox 563 1433 744 1501; x_wconf 83' lang='lat' dir='ltr'>Libri</span> <span class='ocrx_word' id='word_1_4' title='bbox 793 1435 904 1516; x_wconf 87' lang='lat' dir='ltr'>qui</span> <span class='ocrx_word' id='word_1_5' title='bbox 940 1432 1209 1500; x_wconf 84' lang='lat' dir='ltr'>inscribi</span> <span class='ocrx_word' id='word_1_6' title='bbox 1247 1431 1416 1498; x_wconf 89' lang='lat' dir='ltr'>solet</span> <span class='ocrx_word' id='word_1_7' title='bbox 1462 1433 1564 1512; x_wconf 87' lang='lat' dir='ltr'>,de</span> <span class='ocrx_word' id='word_1_8' title='bbox 1604 1431 1912 1499; x_wconf 88' lang='lat' dir='ltr'>moribus‘</span> <span class='ocrx_word' id='word_1_9' title='bbox 1961 1433 2329 1498; x_wconf 89' lang='lat' dir='ltr'>sententiae</span> <span class='ocrx_word' id='word_1_10' title='bbox 2356 1451 2501 1499; x_wconf 88' lang='lat' dir='ltr'>cum</span> <span class='ocrx_word' id='word_1_11' title='bbox 2524 1435 2727 1502; x_wconf 93' lang='lat' dir='ltr'>multa</span> 
     </span>
     <span class='ocr_line' id='line_1_3' title="bbox 384 1539 2725 1623; baseline -0 -15"><span class='ocrx_word' id='word_1_12' title='bbox 384 1542 650 1621; x_wconf 83' lang='lat' dir='ltr'>habent,</span> <span class='ocrx_word' id='word_1_13' title='bbox 699 1559 863 1623; x_wconf 89' lang='lat' dir='ltr'>quae</span> <span class='ocrx_word' id='word_1_14' title='bbox 912 1539 1195 1605; x_wconf 90' lang='lat' dir='ltr'>nondum</span> <span class='ocrx_word' id='word_1_15' title='bbox 1245 1540 1403 1604; x_wconf 86' lang='lat' dir='ltr'>satis</span> <span class='ocrx_word' id='word_1_16' title='bbox 1454 1539 1586 1604; x_wconf 86' lang='lat' dir='ltr'>sint</span> <span class='ocrx_word' id='word_1_17' title='bbox 1636 1539 2001 1620; x_wconf 87' lang='lat' dir='ltr'>emendata,</span> <span class='ocrx_word' id='word_1_18' title='bbox 2051 1544 2187 1604; x_wconf 88' lang='lat' dir='ltr'>tum</span> <span class='ocrx_word' id='word_1_19' title='bbox 2228 1540 2373 1622; x_wconf 91' lang='lat' dir='ltr'>quis</span> <span class='ocrx_word' id='word_1_20' title='bbox 2402 1560 2550 1607; x_wconf 90' lang='lat' dir='ltr'>eum</span> <span class='ocrx_word' id='word_1_21' title='bbox 2574 1561 2725 1609; x_wconf 89' lang='lat' dir='ltr'>con-</span> 
     </span>
     <span class='ocr_line' id='line_1_4' title="bbox 385 1645 2725 1731; baseline -0 -17"><span class='ocrx_word' id='word_1_22' title='bbox 385 1649 650 1728; x_wconf 85' lang='lat' dir='ltr'>diderit,</span> <span class='ocrx_word' id='word_1_23' title='bbox 699 1653 916 1712; x_wconf 86' lang='lat' dir='ltr'>utrum</span> <span class='ocrx_word' id='word_1_24' title='bbox 963 1647 1037 1712; x_wconf 81' lang='lat' dir='ltr'>L.</span> <span class='ocrx_word' id='word_1_25' title='bbox 1090 1651 1394 1712; x_wconf 80' lang='lat' dir='ltr'>Annaeus</span> <span class='ocrx_word' id='word_1_26' title='bbox 1446 1646 1702 1712; x_wconf 84' lang='lat' dir='ltr'>Seneca</span> <span class='ocrx_word' id='word_1_27' title='bbox 1746 1645 2168 1729; x_wconf 82' lang='lat' dir='ltr'>philosophus</span> <span class='ocrx_word' id='word_1_28' title='bbox 2217 1666 2302 1712; x_wconf 88' lang='lat' dir='ltr'>an</span> <span class='ocrx_word' id='word_1_29' title='bbox 2349 1647 2517 1712; x_wconf 88' lang='lat' dir='ltr'>alius</span> <span class='ocrx_word' id='word_1_30' title='bbox 2582 1648 2725 1731; x_wconf 92' lang='lat' dir='ltr'>qui-</span> 
     </span>
     <span class='ocr_line' id='line_1_5' title="bbox 385 1753 2727 1836; baseline 0 -16"><span class='ocrx_word' id='word_1_31' title='bbox 385 1756 534 1820; x_wconf 88' lang='lat' dir='ltr'>dam</span> <span class='ocrx_word' id='word_1_32' title='bbox 581 1755 815 1820; x_wconf 84' lang='lat' dir='ltr'>incerti</span> <span class='ocrx_word' id='word_1_33' title='bbox 863 1761 928 1820; x_wconf 91' lang='lat' dir='ltr'>et</span> <span class='ocrx_word' id='word_1_34' title='bbox 974 1755 1254 1820; x_wconf 90' lang='lat' dir='ltr'>nominis</span> <span class='ocrx_word' id='word_1_35' title='bbox 1305 1759 1371 1820; x_wconf 90' lang='lat' dir='ltr'>et</span> <span class='ocrx_word' id='word_1_36' title='bbox 1418 1753 1561 1820; x_wconf 88' lang='lat' dir='ltr'>aevi</span> <span class='ocrx_word' id='word_1_37' title='bbox 1611 1754 1908 1836; x_wconf 84' lang='lat' dir='ltr'>scriptor,</span> <span class='ocrx_word' id='word_1_38' title='bbox 1959 1754 2225 1820; x_wconf 92' lang='lat' dir='ltr'>minime</span> <span class='ocrx_word' id='word_1_39' title='bbox 2253 1759 2510 1821; x_wconf 79' lang='lat' dir='ltr'>constat</span> <span class='ocrx_word' id='word_1_40' title='bbox 2554 1756 2727 1823; x_wconf 90' lang='lat' dir='ltr'>inter</span> 
     </span>
     <span class='ocr_line' id='line_1_6' title="bbox 388 1859 2719 1941; baseline 0 -13"><span class='ocrx_word' id='word_1_41' title='bbox 388 1863 565 1928; x_wconf 87' lang='lat' dir='ltr'>viros</span> <span class='ocrx_word' id='word_1_42' title='bbox 614 1861 860 1926; x_wconf 88' lang='lat' dir='ltr'>doctos.</span> <span class='ocrx_word' id='word_1_43' title='bbox 953 1859 1119 1925; x_wconf 89' lang='lat' dir='ltr'>Nam</span> <span class='ocrx_word' id='word_1_44' title='bbox 1169 1861 1350 1941; x_wconf 84' lang='lat' dir='ltr'>origo</span> <span class='ocrx_word' id='word_1_45' title='bbox 1402 1861 1753 1926; x_wconf 87' lang='lat' dir='ltr'>Annaeana</span> <span class='ocrx_word' id='word_1_46' title='bbox 1799 1859 1973 1924; x_wconf 90' lang='lat' dir='ltr'>haud</span> <span class='ocrx_word' id='word_1_47' title='bbox 2019 1859 2341 1926; x_wconf 90' lang='lat' dir='ltr'>immerito</span> <span class='ocrx_word' id='word_1_48' title='bbox 2404 1863 2473 1926; x_wconf 91' lang='lat' dir='ltr'>in</span> <span class='ocrx_word' id='word_1_49' title='bbox 2536 1862 2719 1929; x_wconf 90' lang='lat' dir='ltr'>dubi-</span> 
     </span>
     <span class='ocr_line' id='line_1_7' title="bbox 390 1966 2725 2051; baseline 0.001 -18"><span class='ocrx_word' id='word_1_50' title='bbox 390 1969 704 2034; x_wconf 86' lang='lat' dir='ltr'>tationem</span> <span class='ocrx_word' id='word_1_51' title='bbox 751 1967 971 2032; x_wconf 85' lang='lat' dir='ltr'>vocari</span> <span class='ocrx_word' id='word_1_52' title='bbox 1018 1966 1378 2045; x_wconf 81' lang='lat' dir='ltr'>videbatur,</span> <span class='ocrx_word' id='word_1_53' title='bbox 1433 1985 1562 2032; x_wconf 93' lang='lat' dir='ltr'>non</span> <span class='ocrx_word' id='word_1_54' title='bbox 1603 1971 1733 2032; x_wconf 88' lang='lat' dir='ltr'>tam</span> <span class='ocrx_word' id='word_1_55' title='bbox 1759 1971 2029 2051; x_wconf 87' lang='lat' dir='ltr'>propter</span> <span class='ocrx_word' id='word_1_56' title='bbox 2055 1966 2296 2033; x_wconf 88' lang='lat' dir='ltr'>diaboli</span> <span class='ocrx_word' id='word_1_57' title='bbox 2322 1967 2725 2035; x_wconf 90' lang='lat' dir='ltr'>mentionem</span> 
     </span>
     <span class='ocr_line' id='line_1_8' title="bbox 387 2072 2718 2157; baseline 0.001 -17"><span class='ocrx_word' id='word_1_58' title='bbox 387 2081 555 2140; x_wconf 90' lang='lat' dir='ltr'>sent.</span> <span class='ocrx_word' id='word_1_59' title='bbox 607 2072 734 2142; x_wconf 85' lang='lat'>143</span> <span class='ocrx_word' id='word_1_60' title='bbox 783 2072 1039 2149; x_wconf 86' lang='lat' dir='ltr'>factam,</span> <span class='ocrx_word' id='word_1_61' title='bbox 1092 2074 1365 2157; x_wconf 84' lang='lat' dir='ltr'>(quippe</span> <span class='ocrx_word' id='word_1_62' title='bbox 1417 2077 1740 2140; x_wconf 87' lang='lat' dir='ltr'>extremas</span> <span class='ocrx_word' id='word_1_63' title='bbox 1790 2074 2156 2140; x_wconf 88' lang='lat' dir='ltr'>sententias</span> <span class='ocrx_word' id='word_1_64' title='bbox 2204 2081 2439 2156; x_wconf 90' lang='lat' dir='ltr'>postea</span> <span class='ocrx_word' id='word_1_65' title='bbox 2462 2074 2718 2142; x_wconf 89' lang='lat' dir='ltr'>additas</span> 
     </span>
     <span class='ocr_line' id='line_1_9' title="bbox 386 2179 2727 2264; baseline 0 -18"><span class='ocrx_word' id='word_1_66' title='bbox 386 2199 533 2246; x_wconf 91' lang='lat' dir='ltr'>esse</span> <span class='ocrx_word' id='word_1_67' title='bbox 581 2198 855 2264; x_wconf 91' lang='lat' dir='ltr'>pronum</span> <span class='ocrx_word' id='word_1_68' title='bbox 903 2185 1010 2246; x_wconf 91' lang='lat' dir='ltr'>est</span> <span class='ocrx_word' id='word_1_69' title='bbox 1056 2179 1434 2264; x_wconf 86' lang='lat' dir='ltr'>suspicari),</span> <span class='ocrx_word' id='word_1_70' title='bbox 1484 2199 1676 2261; x_wconf 88' lang='lat' dir='ltr'>quam</span> <span class='ocrx_word' id='word_1_71' title='bbox 1722 2179 1890 2262; x_wconf 92' lang='lat' dir='ltr'>quod</span> <span class='ocrx_word' id='word_1_72' title='bbox 1938 2180 2298 2246; x_wconf 87' lang='lat' dir='ltr'>sententias</span> <span class='ocrx_word' id='word_1_73' title='bbox 2346 2179 2387 2246; x_wconf 88' lang='lat'><strong>3</strong></span> <span class='ocrx_word' id='word_1_74' title='bbox 2440 2185 2507 2246; x_wconf 90' lang='lat' dir='ltr'>et</span> <span class='ocrx_word' id='word_1_75' title='bbox 2551 2180 2597 2247; x_wconf 87' lang='lat'><strong>4</strong></span> <span class='ocrx_word' id='word_1_76' title='bbox 2647 2200 2727 2247; x_wconf 88' lang='lat' dir='ltr'>ex</span> 
     </span>
     <span class='ocr_line' id='line_1_10' title="bbox 387 2284 2727 2372; baseline 0 -18"><span class='ocrx_word' id='word_1_77' title='bbox 387 2287 728 2354; x_wconf 84' lang='lat' dir='ltr'>Lactantio</span> <span class='ocrx_word' id='word_1_78' title='bbox 779 2287 894 2372; x_wconf 91' lang='lat' dir='ltr'>(de</span> <span class='ocrx_word' id='word_1_79' title='bbox 944 2285 1151 2352; x_wconf 88' lang='lat' dir='ltr'>instit.</span> <span class='ocrx_word' id='word_1_80' title='bbox 1215 2285 1340 2351; x_wconf 87' lang='lat' dir='ltr'>div.</span> <span class='ocrx_word' id='word_1_81' title='bbox 1408 2284 1470 2364; x_wconf 88' lang='lat'>3,</span> <span class='ocrx_word' id='word_1_82' title='bbox 1522 2284 1624 2351; x_wconf 82' lang='lat'>15.</span> <span class='ocrx_word' id='word_1_83' title='bbox 1673 2284 1737 2367; x_wconf 87' lang='lat'>6,</span> <span class='ocrx_word' id='word_1_84' title='bbox 1785 2284 1905 2368; x_wconf 75' lang='lat'>23)</span> <span class='ocrx_word' id='word_1_85' title='bbox 1956 2293 2247 2368; x_wconf 88' lang='lat' dir='ltr'>sumptas</span> <span class='ocrx_word' id='word_1_86' title='bbox 2316 2305 2465 2354; x_wconf 86' lang='lat' dir='ltr'>esse</span> <span class='ocrx_word' id='word_1_87' title='bbox 2530 2305 2727 2369; x_wconf 86' lang='lat' dir='ltr'>appa-</span> 
     </span>
     <span class='ocr_line' id='line_1_11' title="bbox 379 2391 2721 2472; baseline -0 -11"><span class='ocrx_word' id='word_1_88' title='bbox 379 2395 588 2461; x_wconf 87' lang='lat' dir='ltr'>rebat.</span> <span class='ocrx_word' id='word_1_89' title='bbox 683 2393 901 2472; x_wconf 81' lang='lat' dir='ltr'>Quare</span> <span class='ocrx_word' id='word_1_90' title='bbox 951 2411 1095 2458; x_wconf 90' lang='lat' dir='ltr'>cum</span> <span class='ocrx_word' id='word_1_91' title='bbox 1142 2391 1251 2457; x_wconf 91' lang='lat' dir='ltr'>Fr.</span> <span class='ocrx_word' id='word_1_92' title='bbox 1300 2391 1518 2458; x_wconf 89' lang='lat' dir='ltr'>Haase</span> <span class='ocrx_word' id='word_1_93' title='bbox 1539 2392 1609 2472; x_wconf 83' lang='lat'>¹),</span> <span class='ocrx_word' id='word_1_94' title='bbox 1677 2391 2079 2458; x_wconf 89' lang='lat' dir='ltr'>clarissimus</span> <span class='ocrx_word' id='word_1_95' title='bbox 2132 2392 2423 2460; x_wconf 87' lang='lat' dir='ltr'>Senecae</span> <span class='ocrx_word' id='word_1_96' title='bbox 2491 2394 2721 2472; x_wconf 81' lang='lat' dir='ltr'>edit-or,</span> 
     </span>
     <span class='ocr_line' id='line_1_12' title="bbox 380 2498 2725 2586; baseline 0 -20"><span class='ocrx_word' id='word_1_97' title='bbox 380 2503 462 2567; x_wconf 86' lang='lat' dir='ltr'>ad</span> <span class='ocrx_word' id='word_1_98' title='bbox 508 2502 704 2586; x_wconf 90' lang='lat' dir='ltr'>hujus</span> <span class='ocrx_word' id='word_1_99' title='bbox 773 2498 980 2584; x_wconf 88' lang='lat' dir='ltr'>ipsius</span> <span class='ocrx_word' id='word_1_100' title='bbox 1045 2498 1199 2565; x_wconf 89' lang='lat' dir='ltr'>libri</span> <span class='ocrx_word' id='word_1_101' title='bbox 1266 2499 1787 2566; x_wconf 89' lang='lat' dir='ltr'>emendationem</span> <span class='ocrx_word' id='word_1_102' title='bbox 1855 2517 1983 2564; x_wconf 92' lang='lat' dir='ltr'>non</span> <span class='ocrx_word' id='word_1_103' title='bbox 2050 2498 2324 2564; x_wconf 83' lang='lat' dir='ltr'>multum</span> <span class='ocrx_word' id='word_1_104' title='bbox 2373 2499 2725 2583; x_wconf 82' lang='lat' dir='ltr'>attulisset,</span> 
     </span>
     <span class='ocr_line' id='line_1_13' title="bbox 386 2605 2725 2692; baseline 0 -20"><span class='ocrx_word' id='word_1_105' title='bbox 386 2608 505 2672; x_wconf 89' lang='lat' dir='ltr'>Ed.</span> <span class='ocrx_word' id='word_1_106' title='bbox 554 2607 885 2674; x_wconf 89' lang='lat' dir='ltr'>Woelfflin</span> <span class='ocrx_word' id='word_1_107' title='bbox 905 2607 988 2692; x_wconf 64' lang='lat'>²²),</span> <span class='ocrx_word' id='word_1_108' title='bbox 1033 2605 1136 2671; x_wconf 87' lang='lat' dir='ltr'>vir</span> <span class='ocrx_word' id='word_1_109' title='bbox 1183 2605 1623 2683; x_wconf 89' lang='lat' dir='ltr'>doctissimus,</span> <span class='ocrx_word' id='word_1_110' title='bbox 1673 2605 1919 2688; x_wconf 88' lang='lat' dir='ltr'>aliquot</span> <span class='ocrx_word' id='word_1_111' title='bbox 1965 2607 2225 2690; x_wconf 92' lang='lat' dir='ltr'>quidem</span> <span class='ocrx_word' id='word_1_112' title='bbox 2273 2605 2479 2673; x_wconf 89' lang='lat' dir='ltr'>libros</span> <span class='ocrx_word' id='word_1_113' title='bbox 2528 2627 2725 2674; x_wconf 89' lang='lat' dir='ltr'>manu</span> 
     </span>
     <span class='ocr_line' id='line_1_14' title="bbox 391 2713 2725 2800; baseline 0.001 -22"><span class='ocrx_word' id='word_1_114' title='bbox 391 2713 672 2795; x_wconf 87' lang='lat' dir='ltr'>scriptos</span> <span class='ocrx_word' id='word_1_115' title='bbox 690 2713 752 2800; x_wconf 75' lang='lat'>³)</span> <span class='ocrx_word' id='word_1_116' title='bbox 803 2714 1230 2792; x_wconf 87' lang='lat' dir='ltr'>adhibuisset,</span> <span class='ocrx_word' id='word_1_117' title='bbox 1261 2713 1397 2780; x_wconf 69' lang='lat' dir='ltr'>‘sed</span> <span class='ocrx_word' id='word_1_118' title='bbox 1446 2714 1512 2778; x_wconf 93' lang='lat' dir='ltr'>in</span> <span class='ocrx_word' id='word_1_119' title='bbox 1562 2713 1796 2795; x_wconf 90' lang='lat' dir='ltr'>quibus</span> <span class='ocrx_word' id='word_1_120' title='bbox 1837 2713 2133 2779; x_wconf 92' lang='lat' dir='ltr'>omnibus</span> <span class='ocrx_word' id='word_1_121' title='bbox 2172 2713 2539 2780; x_wconf 86' lang='lat' dir='ltr'>sententiae</span> <span class='ocrx_word' id='word_1_122' title='bbox 2565 2715 2725 2780; x_wconf 89' lang='lat' dir='ltr'>Lac-</span> 
     </span>
     <span class='ocr_line' id='line_1_15' title="bbox 389 2820 2727 2903; baseline 0.001 -20"><span class='ocrx_word' id='word_1_123' title='bbox 389 2821 718 2887; x_wconf 86' lang='lat' dir='ltr'>tantianae</span> <span class='ocrx_word' id='word_1_124' title='bbox 777 2841 930 2888; x_wconf 90' lang='lat' dir='ltr'>suos</span> <span class='ocrx_word' id='word_1_125' title='bbox 997 2840 1292 2903; x_wconf 86' lang='lat' dir='ltr'>quaeque</span> <span class='ocrx_word' id='word_1_126' title='bbox 1348 2821 1526 2886; x_wconf 86' lang='lat' dir='ltr'>locos</span> <span class='ocrx_word' id='word_1_127' title='bbox 1595 2820 2004 2897; x_wconf 89' lang='lat' dir='ltr'>obtinerent,</span> <span class='ocrx_word' id='word_1_128' title='bbox 2072 2821 2514 2886; x_wconf 88' lang='lat' dir='ltr'>necessarium</span> <span class='ocrx_word' id='word_1_129' title='bbox 2584 2825 2727 2886; x_wconf 88' lang='lat' dir='ltr'>erat</span> 
     </span>
     <span class='ocr_line' id='line_1_16' title="bbox 392 2921 2725 3010; baseline 0.003 -22"><span class='ocrx_word' id='word_1_130' title='bbox 392 2921 681 3005; x_wconf 89' lang='lat' dir='ltr'>profecto</span> <span class='ocrx_word' id='word_1_131' title='bbox 748 2929 943 2993; x_wconf 84' lang='lat' dir='ltr'>etiam</span> <span class='ocrx_word' id='word_1_132' title='bbox 1007 2931 1401 2994; x_wconf 85' lang='lat' dir='ltr'>vetustiores</span> <span class='ocrx_word' id='word_1_133' title='bbox 1485 2926 1742 2994; x_wconf 88' lang='lat' dir='ltr'>codices</span> <span class='ocrx_word' id='word_1_134' title='bbox 1810 2925 1991 2993; x_wconf 86' lang='lat' dir='ltr'>adire</span> <span class='ocrx_word' id='word_1_135' title='bbox 2058 2931 2126 2992; x_wconf 90' lang='lat' dir='ltr'>et</span> <span class='ocrx_word' id='word_1_136' title='bbox 2189 2927 2725 3010; x_wconf 87' lang='lat' dir='ltr'>interpolatorum</span> 
     </span>
     <span class='ocr_line' id='line_1_17' title="bbox 383 3029 2724 3116; baseline 0.004 -23"><span class='ocrx_word' id='word_1_137' title='bbox 383 3029 849 3097; x_wconf 87' lang='lat' dir='ltr'>additamentis</span> <span class='ocrx_word' id='word_1_138' title='bbox 897 3033 1182 3099; x_wconf 92' lang='lat' dir='ltr'>nondum</span> <span class='ocrx_word' id='word_1_139' title='bbox 1233 3035 1628 3116; x_wconf 87' lang='lat' dir='ltr'>inquinatos.</span> <span class='ocrx_word' id='word_1_140' title='bbox 1725 3033 1864 3112; x_wconf 84' lang='lat' dir='ltr'>Quo</span> <span class='ocrx_word' id='word_1_141' title='bbox 1924 3033 2096 3099; x_wconf 89' lang='lat' dir='ltr'>facto</span> <span class='ocrx_word' id='word_1_142' title='bbox 2145 3034 2595 3116; x_wconf 87' lang='lat' dir='ltr'>quaestionem</span> <span class='ocrx_word' id='word_1_143' title='bbox 2641 3035 2724 3102; x_wconf 89' lang='lat' dir='ltr'>de</span> 
     </span>
     <span class='ocr_line' id='line_1_18' title="bbox 389 3140 2723 3223; baseline 0.004 -24"><span class='ocrx_word' id='word_1_144' title='bbox 389 3143 660 3203; x_wconf 84' lang='lat' dir='ltr'>auctore</span> <span class='ocrx_word' id='word_1_145' title='bbox 712 3143 778 3204; x_wconf 92' lang='lat' dir='ltr'>et</span> <span class='ocrx_word' id='word_1_146' title='bbox 823 3141 1206 3206; x_wconf 88' lang='lat' dir='ltr'>auctoritate</span> <span class='ocrx_word' id='word_1_147' title='bbox 1254 3140 1432 3206; x_wconf 90' lang='lat' dir='ltr'>illius</span> <span class='ocrx_word' id='word_1_148' title='bbox 1482 3140 1694 3207; x_wconf 91' lang='lat' dir='ltr'>libelli</span> <span class='ocrx_word' id='word_1_149' title='bbox 1741 3140 1953 3206; x_wconf 90' lang='lat' dir='ltr'>denuo</span> <span class='ocrx_word' id='word_1_150' title='bbox 2004 3141 2347 3207; x_wconf 89' lang='lat' dir='ltr'>instituere</span> <span class='ocrx_word' id='word_1_151' title='bbox 2393 3141 2723 3223; x_wconf 89' lang='lat' dir='ltr'>haudqua-</span> 
     </span>
     <span class='ocr_line' id='line_1_19' title="bbox 388 3237 2720 3330; baseline 0.003 -24"><span class='ocrx_word' id='word_1_152' title='bbox 388 3261 581 3323; x_wconf 90' lang='lat' dir='ltr'>quam</span> <span class='ocrx_word' id='word_1_153' title='bbox 627 3237 913 3310; x_wconf 88' lang='lat' dir='ltr'>alienum</span> <span class='ocrx_word' id='word_1_154' title='bbox 963 3248 1110 3325; x_wconf 88' lang='lat' dir='ltr'>erit,</span> <span class='ocrx_word' id='word_1_155' title='bbox 1159 3249 1463 3330; x_wconf 88' lang='lat' dir='ltr'>quoniam</span> <span class='ocrx_word' id='word_1_156' title='bbox 1509 3247 1630 3313; x_wconf 90' lang='lat' dir='ltr'>hoc</span> <span class='ocrx_word' id='word_1_157' title='bbox 1678 3254 1809 3312; x_wconf 84' lang='lat' dir='ltr'>tam</span> <span class='ocrx_word' id='word_1_158' title='bbox 1856 3247 2039 3313; x_wconf 88' lang='lat' dir='ltr'>felici</span> <span class='ocrx_word' id='word_1_159' title='bbox 2090 3247 2465 3314; x_wconf 90' lang='lat' dir='ltr'>adiumento</span> <span class='ocrx_word' id='word_1_160' title='bbox 2514 3248 2720 3314; x_wconf 90' lang='lat' dir='ltr'>multo</span> 
     </span>
     <span class='ocr_line' id='line_1_20' title="bbox 388 3352 2716 3437; baseline 0.004 -25"><span class='ocrx_word' id='word_1_161' title='bbox 388 3352 670 3416; x_wconf 78' lang='lat' dir='ltr'>certiora</span> <span class='ocrx_word' id='word_1_162' title='bbox 716 3359 1030 3420; x_wconf 85' lang='lat' dir='ltr'>eruentur</span> <span class='ocrx_word' id='word_1_163' title='bbox 1077 3359 1144 3419; x_wconf 91' lang='lat' dir='ltr'>et</span> <span class='ocrx_word' id='word_1_164' title='bbox 1189 3355 1574 3419; x_wconf 87' lang='lat' dir='ltr'>litterarum.</span> <span class='ocrx_word' id='word_1_165' title='bbox 1602 3354 1947 3418; x_wconf 86' lang='lat' dir='ltr'>latinarum</span> <span class='ocrx_word' id='word_1_166' title='bbox 1993 3354 2270 3420; x_wconf 87' lang='lat' dir='ltr'>historia</span> <span class='ocrx_word' id='word_1_167' title='bbox 2330 3353 2571 3437; x_wconf 89' lang='lat' dir='ltr'>aliquid</span> <span class='ocrx_word' id='word_1_168' title='bbox 2620 3356 2716 3422; x_wconf 90' lang='lat' dir='ltr'>in-</span> 
     </span>
     <span class='ocr_line' id='line_1_21' title="bbox 389 3460 2719 3545; baseline 0.005 -29"><span class='ocrx_word' id='word_1_169' title='bbox 389 3460 698 3522; x_wconf 81' lang='lat' dir='ltr'>crementi</span> <span class='ocrx_word' id='word_1_170' title='bbox 728 3478 960 3542; x_wconf 88' lang='lat' dir='ltr'>capere</span> <span class='ocrx_word' id='word_1_171' title='bbox 987 3462 1246 3542; x_wconf 87' lang='lat' dir='ltr'>poterit.</span> <span class='ocrx_word' id='word_1_172' title='bbox 1319 3460 1611 3525; x_wconf 84' lang='lat' dir='ltr'>Contulit</span> <span class='ocrx_word' id='word_1_173' title='bbox 1635 3465 1856 3525; x_wconf 85' lang='lat' dir='ltr'>autem</span> <span class='ocrx_word' id='word_1_174' title='bbox 1882 3461 1985 3525; x_wconf 87' lang='lat' dir='ltr'>vel</span> <span class='ocrx_word' id='word_1_175' title='bbox 2010 3462 2226 3541; x_wconf 90' lang='lat' dir='ltr'>potius</span> <span class='ocrx_word' id='word_1_176' title='bbox 2273 3461 2719 3545; x_wconf 85' lang='lat' dir='ltr'>transscripsit</span> 
     </span>
     <span class='ocr_line' id='line_1_22' title="bbox 382 3561 2723 3651; baseline 0.004 -27"><span class='ocrx_word' id='word_1_177' title='bbox 382 3561 656 3628; x_wconf 86' lang='lat' dir='ltr'>alterum</span> <span class='ocrx_word' id='word_1_178' title='bbox 707 3585 933 3632; x_wconf 89' lang='lat' dir='ltr'>eorum</span> <span class='ocrx_word' id='word_1_179' title='bbox 983 3569 1298 3646; x_wconf 88' lang='lat' dir='ltr'>codicum,</span> <span class='ocrx_word' id='word_1_180' title='bbox 1344 3568 1715 3634; x_wconf 87' lang='lat' dir='ltr'>Parisinum</span> <span class='ocrx_word' id='word_1_181' title='bbox 1764 3584 1934 3631; x_wconf 88' lang='lat' dir='ltr'>saec.</span> <span class='ocrx_word' id='word_1_182' title='bbox 1983 3567 2094 3632; x_wconf 93' lang='lat' dir='ltr'>IX.</span> <span class='ocrx_word' id='word_1_183' title='bbox 2160 3567 2477 3648; x_wconf 80' lang='lat' dir='ltr'>ineuntiS,</span> <span class='ocrx_word' id='word_1_184' title='bbox 2538 3570 2723 3651; x_wconf 82' lang='lat' dir='ltr'>qu&#39;us</span> 
     </span>
     <span class='ocr_line' id='line_1_23' title="bbox 383 3671 2725 3756; baseline 0.003 -24"><span class='ocrx_word' id='word_1_185' title='bbox 383 3686 503 3750; x_wconf 92' lang='lat' dir='ltr'>ope</span> <span class='ocrx_word' id='word_1_186' title='bbox 552 3671 999 3752; x_wconf 86' lang='lat' dir='ltr'>quaestionem</span> <span class='ocrx_word' id='word_1_187' title='bbox 1049 3674 1129 3739; x_wconf 90' lang='lat' dir='ltr'>de</span> <span class='ocrx_word' id='word_1_188' title='bbox 1177 3674 1456 3755; x_wconf 86' lang='lat' dir='ltr'>pristina</span> <span class='ocrx_word' id='word_1_189' title='bbox 1500 3674 1655 3739; x_wconf 92' lang='lat' dir='ltr'>libri</span> <span class='ocrx_word' id='word_1_190' title='bbox 1706 3673 1915 3738; x_wconf 87' lang='lat' dir='ltr'>forma</span> <span class='ocrx_word' id='word_1_191' title='bbox 1963 3683 2031 3739; x_wconf 90' lang='lat' dir='ltr'>et</span> <span class='ocrx_word' id='word_1_192' title='bbox 2069 3674 2284 3741; x_wconf 91' lang='lat' dir='ltr'>indole</span> <span class='ocrx_word' id='word_1_193' title='bbox 2324 3674 2725 3756; x_wconf 84' lang='lat' dir='ltr'>aliquantum</span> 
     </span>
    </p>
   </div>
   <div class='ocr_carea' id='block_1_3' title="bbox 389 3810 810 3824">
    <p class='ocr_par' dir='ltr' id='par_1_3' title="bbox 389 3810 810 3824">
     <span class='ocr_line' id='line_1_24' title="bbox 389 3810 810 3824; baseline 0 1060"><span class='ocrx_word' id='word_1_194' title='bbox 389 3810 810 3824; x_wconf 95' lang='lat' dir='ltr'> </span> 
     </span>
    </p>
   </div>
   <div class='ocr_carea' id='block_1_4' title="bbox 375 3878 2721 4132">
    <p class='ocr_par' dir='ltr' id='par_1_4' title="bbox 375 3878 2721 4132">
     <span class='ocr_line' id='line_1_25' title="bbox 560 3878 2721 3956; baseline 0.002 -21"><span class='ocrx_word' id='word_1_195' title='bbox 560 3878 600 3948; x_wconf 86' lang='lat'>¹)</span> <span class='ocrx_word' id='word_1_196' title='bbox 637 3881 700 3936; x_wconf 83' lang='lat' dir='ltr'>L.</span> <span class='ocrx_word' id='word_1_197' title='bbox 739 3883 952 3937; x_wconf 80' lang='lat' dir='ltr'>Annaei</span> <span class='ocrx_word' id='word_1_198' title='bbox 991 3886 1224 3940; x_wconf 81' lang='lat' dir='ltr'>Senecae</span> <span class='ocrx_word' id='word_1_199' title='bbox 1259 3886 1389 3954; x_wconf 86' lang='lat' dir='ltr'>pln‘l.</span> <span class='ocrx_word' id='word_1_200' title='bbox 1429 3902 1592 3954; x_wconf 85' lang='lat' dir='ltr'>opera</span> <span class='ocrx_word' id='word_1_201' title='bbox 1629 3886 1775 3956; x_wconf 87' lang='lat' dir='ltr'>Lips.</span> <span class='ocrx_word' id='word_1_202' title='bbox 1814 3883 1982 3954; x_wconf 80' lang='lat'>18533</span> <span class='ocrx_word' id='word_1_203' title='bbox 2022 3885 2103 3938; x_wconf 88' lang='lat' dir='ltr'>ed.</span> <span class='ocrx_word' id='word_1_204' title='bbox 2155 3887 2248 3939; x_wconf 84' lang='lat' dir='ltr'>alt.</span> <span class='ocrx_word' id='word_1_205' title='bbox 2287 3884 2443 3940; x_wconf 84' lang='lat'><strong>1872.</strong></span> <span class='ocrx_word' id='word_1_206' title='bbox 2481 3887 2587 3940; x_wconf 84' lang='lat' dir='ltr'>vol.</span> <span class='ocrx_word' id='word_1_207' title='bbox 2623 3883 2721 3940; x_wconf 83' lang='lat'>111.</span> 
     </span>
     <span class='ocr_line' id='line_1_26' title="bbox 377 3969 2721 4042; baseline 0.003 -21"><span class='ocrx_word' id='word_1_208' title='bbox 377 3983 502 4036; x_wconf 85' lang='lat' dir='ltr'>pgg.</span> <span class='ocrx_word' id='word_1_209' title='bbox 539 3969 872 4026; x_wconf 82' lang='lat'>462—467:</span> <span class='ocrx_word' id='word_1_210' title='bbox 931 3974 1009 4042; x_wconf 83' lang='lat' dir='ltr'>,L.</span> <span class='ocrx_word' id='word_1_211' title='bbox 1047 3975 1260 4028; x_wconf 83' lang='lat' dir='ltr'>Annaei</span> <span class='ocrx_word' id='word_1_212' title='bbox 1297 3977 1530 4030; x_wconf 83' lang='lat' dir='ltr'>Senecae</span> <span class='ocrx_word' id='word_1_213' title='bbox 1582 3973 1942 4028; x_wconf 83' lang='lat' dir='ltr'>Cordubensis</span> <span class='ocrx_word' id='word_1_214' title='bbox 1996 3974 2062 4026; x_wconf 90' lang='lat' dir='ltr'>de</span> <span class='ocrx_word' id='word_1_215' title='bbox 2115 3973 2351 4027; x_wconf 84' lang='lat' dir='ltr'>moribus</span> <span class='ocrx_word' id='word_1_216' title='bbox 2405 3975 2577 4029; x_wconf 85' lang='lat' dir='ltr'>liber.‘</span> <span class='ocrx_word' id='word_1_217' title='bbox 2650 3973 2721 4028; x_wconf 85' lang='lat' dir='ltr'>cf.</span> 
     </span>
     <span class='ocr_line' id='line_1_27' title="bbox 375 4055 955 4132; baseline 0.017 -25"><span class='ocrx_word' id='word_1_218' title='bbox 375 4055 550 4124; x_wconf 86' lang='lat' dir='ltr'>praef.</span> <span class='ocrx_word' id='word_1_219' title='bbox 586 4075 675 4128; x_wconf 83' lang='lat' dir='ltr'>pg.</span> <span class='ocrx_word' id='word_1_220' title='bbox 714 4062 836 4116; x_wconf 88' lang='lat' dir='ltr'>XX.</span> <span class='ocrx_word' id='word_1_221' title='bbox 876 4078 955 4132; x_wconf 84' lang='lat' dir='ltr'>sq.</span> 
     </span>
    </p>
   </div>
   <div class='ocr_carea' id='block_1_5' title="bbox 372 4165 2723 4327">
    <p class='ocr_par' dir='ltr' id='par_1_5' title="bbox 372 4165 2723 4327">
     <span class='ocr_line' id='line_1_28' title="bbox 557 4165 2723 4241; baseline 0.002 -23"><span class='ocrx_word' id='word_1_222' title='bbox 557 4165 602 4232; x_wconf 78' lang='lat'>²)</span> <span class='ocrx_word' id='word_1_223' title='bbox 637 4167 819 4221; x_wconf 90' lang='lat' dir='ltr'>Publii</span> <span class='ocrx_word' id='word_1_224' title='bbox 858 4171 977 4239; x_wconf 76' lang='lat' dir='ltr'>syri</span> <span class='ocrx_word' id='word_1_225' title='bbox 1014 4173 1328 4241; x_wconf 80' lang='lat' dir='ltr'>sententiae,</span> <span class='ocrx_word' id='word_1_226' title='bbox 1384 4173 1510 4240; x_wconf 83' lang='lat' dir='ltr'>Lps.</span> <span class='ocrx_word' id='word_1_227' title='bbox 1560 4169 1699 4224; x_wconf 84' lang='grc'>1869</span> <span class='ocrx_word' id='word_1_228' title='bbox 1735 4187 1823 4240; x_wconf 86' lang='lat' dir='ltr'>pg.</span> <span class='ocrx_word' id='word_1_229' title='bbox 1864 4169 2170 4224; x_wconf 81' lang='lat'>136-148:</span> <span class='ocrx_word' id='word_1_230' title='bbox 2227 4169 2441 4238; x_wconf 77' lang='lat' dir='ltr'>,Incerti</span> <span class='ocrx_word' id='word_1_231' title='bbox 2490 4171 2723 4223; x_wconf 78' lang='lat' dir='ltr'>auctoris</span> 
     </span>
     <span class='ocr_line' id='line_1_29' title="bbox 372 4253 1508 4327; baseline 0.008 -22"><span class='ocrx_word' id='word_1_232' title='bbox 372 4253 531 4324; x_wconf 80' lang='lat' dir='ltr'>liber,</span> <span class='ocrx_word' id='word_1_233' title='bbox 569 4257 662 4323; x_wconf 87' lang='lat' dir='ltr'>qui</span> <span class='ocrx_word' id='word_1_234' title='bbox 695 4259 861 4327; x_wconf 80' lang='lat' dir='ltr'>vulgo</span> <span class='ocrx_word' id='word_1_235' title='bbox 900 4259 1094 4311; x_wconf 82' lang='lat' dir='ltr'>dicitur</span> <span class='ocrx_word' id='word_1_236' title='bbox 1131 4259 1196 4312; x_wconf 88' lang='lat' dir='ltr'>de</span> <span class='ocrx_word' id='word_1_237' title='bbox 1233 4261 1508 4314; x_wconf 87' lang='lat' dir='ltr'>moribus.‘</span> 
     </span>
    </p>
   </div>
   <div class='ocr_carea' id='block_1_6' title="bbox 551 4360 2519 4500">
    <p class='ocr_par' dir='ltr' id='par_1_6' title="bbox 551 4360 2519 4500">
     <span class='ocr_line' id='line_1_30' title="bbox 551 4360 2519 4500; baseline 0.002 -85"><span class='ocrx_word' id='word_1_238' title='bbox 551 4360 596 4432; x_wconf 83' lang='lat'>³)</span> <span class='ocrx_word' id='word_1_239' title='bbox 633 4361 704 4418; x_wconf 85' lang='lat' dir='ltr'>cf.</span> <span class='ocrx_word' id='word_1_240' title='bbox 743 4363 842 4419; x_wconf 85' lang='lat' dir='ltr'>Ed.</span> <span class='ocrx_word' id='word_1_241' title='bbox 879 4363 1123 4419; x_wconf 84' lang='lat' dir='ltr'>Woelffl.</span> <span class='ocrx_word' id='word_1_242' title='bbox 1195 4381 1284 4438; x_wconf 85' lang='lat' dir='ltr'>pg.</span> <span class='ocrx_word' id='word_1_243' title='bbox 1325 4365 1428 4420; x_wconf 81' lang='lat'>136</span> <span class='ocrx_word' id='word_1_244' title='bbox 1466 4367 1618 4435; x_wconf 82' lang='lat' dir='ltr'>adn.;</span> <span class='ocrx_word' id='word_1_245' title='bbox 1655 4369 1783 4419; x_wconf 86' lang='lat' dir='ltr'>noto</span> <span class='ocrx_word' id='word_1_246' title='bbox 1820 4366 1945 4418; x_wconf 83' lang='lat' dir='ltr'>illos</span> <span class='ocrx_word' id='word_1_247' title='bbox 1980 4363 2189 4418; x_wconf 81' lang='lat' dir='ltr'>codices</span> <span class='ocrx_word' id='word_1_248' title='bbox 2228 4363 2411 4500; x_wconf 50' lang='grc' dir='ltr'>Ιίῡὶθτα</span> <span class='ocrx_word' id='word_1_249' title='bbox 2445 4363 2519 4418; x_wconf 87' lang='grc' dir='ltr'>Μ.</span> 
     </span>
    </p>
   </div>
  </div>
 </body>
</html>
