3209 4884
527 275 618 354 34

533 471 596 539 7.
645 470 708 540 5.
759 492 824 539 n.
872 469 950 551 5;
1021 470 1082 540 7.
1129 472 1193 540 8.
1242 491 1304 539 n.
1352 455 1450 554 9),
1510 463 1963 554 jurisconsulti
2028 465 2209 560 (Ulp.
2259 479 2405 560 mg.
2455 478 2527 555 2,
2590 470 2669 562 4,
2720 478 2855 562 10),

529 577 882 661 scriptores
949 578 1377 645 ecclesiastici
1439 579 1638 658 (orig.
1687 580 1856 643 hom.
1914 580 1980 644 in
2030 581 2227 647 Exod.
2291 585 2353 662 8,
2404 585 2475 668 6)
2539 588 2642 652 usi
2688 593 2855 664 sunt,

531 688 795 770 saepius
846 685 1016 769 apud
1065 685 1380 751 Senecam
1428 685 1743 766 scriptum
1794 693 1924 764 est,
1992 685 2070 751 cf.
2123 688 2202 753 de
2250 689 2467 756 benef.
2530 691 2591 772 5,
2640 693 2749 773 23,
2796 691 2854 762 3.

531 813 632 878 ep.
683 793 789 873 13,
837 791 900 858 2.
997 792 1092 856 Ad
1142 797 1498 858 extremam
1537 793 1930 859 sententiam
1967 792 2192 858 confer
2230 812 2330 875 ep.
2366 794 2474 875 47,
2520 798 2643 864 18:
2696 801 2861 876 ,Non

526 907 748 984 potest
793 916 974 964 amor
1020 917 1164 963 cum
1212 898 1446 964 timore
1493 901 1797 966 misceri‘.
2553 925 2560 932 ³

703 1005 1079 1070 Proximum
1125 1005 1205 1072 ab
1247 1006 1596 1072 innocentia
1645 1006 1843 1072 locum
1888 1011 2047 1072 tenet
2079 1008 2317 1090 peccati
2348 1009 2687 1074 verecunda
2718 1033 2857 1079 con-

525 1113 740 1195 fessio,
835 1112 877 1179 S
924 1133 986 1197 p.
1021 1113 1172 1180 223.
1218 1113 1271 1179 Ρ
1318 1112 1360 1177 f.
1405 1113 1549 1181 19·
1596 1115 1662 1179 Μ
1711 1113 1815 1180 78.
1911 1113 2097 1191 Vide,
2146 1132 2337 1196 quam
2375 1115 2609 1180 similia
2655 1119 2857 1182 verba

531 1221 702 1302 apud
751 1220 1066 1286 Senecam
1113 1219 1419 1300 legantur
1466 1221 1547 1285 de
1595 1220 1778 1294 clem.
1830 1219 1889 1302 1,
1942 1217 2035 1298 15,
2069 1217 2148 1286 7:
2198 1221 2294 1300 ,Id
2341 1221 2575 1298 sceluS,
2623 1222 2689 1287 in
2726 1240 2852 1303 quo

525 1345 616 1401 se,
667 1328 838 1409 quod
887 1325 1250 1409 proximum
1299 1333 1440 1392 erat
1485 1326 1565 1392 ab
1614 1326 2006 1408 innocentia,
2056 1326 2279 1392 timide
2316 1327 2677 1408 gessisset‘.
2755 1327 2853 1392 De

527 1433 712 1498 clem.
762 1432 825 1513 1,
876 1431 979 1508 19,
1029 1432 1109 1498 9:
1180 1433 1340 1508 ,Non
1388 1435 1751 1515 proximum
1801 1434 1934 1500 illis
1983 1435 2195 1500 locum
2242 1439 2423 1501 tenet
2468 1437 2569 1501 is‘.

699 1539 850 1604 Non
922 1544 1046 1617 est,
1109 1539 1274 1622 quod
1325 1539 1661 1606 insolenter
1723 1541 1933 1605 utaris
1990 1540 2324 1621 felicitate,
2386 1541 2519 1605 nisi
2586 1539 2861 1620 fatearis

522 1646 936 1728 insperatam.
1031 1648 1073 1713 S
1113 1667 1174 1730 p.
1198 1644 1348 1712 227.
1431 1647 1482 1710 P
1529 1647 1574 1711 f.
1609 1645 1695 1712 21
1728 1646 1783 1709 b.
1858 1649 1957 1713 De
2006 1647 2487 1727 formula,non
2528 1651 2633 1712 est
2668 1647 2861 1730 quod‘

525 1771 714 1835 quam
741 1755 990 1820 Seneca
1022 1753 1550 1836 frequentissime
1590 1755 1875 1836 scripsit,
1907 1754 1989 1822 cf.
2022 1773 2221 1837 supra
2256 1775 2357 1838 pg.
2391 1755 2473 1834 43
2499 1760 2863 1836 praeterea

526 1861 608 1931 cf.
657 1881 765 1945 pg.
813 1860 916 1928 21.

699 1967 871 2033 Boni
916 1968 1072 2034 civis
1116 1973 1209 2034 est
1251 1988 1374 2032 non
1411 1966 1868 2050 'rempublicam
1912 1967 2039 2033 sibi
2082 1973 2299 2033 natam
2326 1972 2559 2049 putare
2577 2015 2593 2044 ,
2642 1966 2754 2032 sed
2796 1986 2862 2032 se

521 2074 918 2157 reipublicae.
1006 2074 1053 2138 P
1104 2074 1148 2138 f.
1181 2073 1270 2142 22
1296 2072 1352 2140 b.
1449 2075 1771 2140 Similiter
1818 2076 1897 2140 de
1947 2076 2132 2141 clem.
2185 2074 2242 2150 1,
2272 2074 2375 2151 19,
2405 2073 2481 2142 8:
2532 2073 2859 2144 ,Probavit

523 2203 652 2250 non
699 2181 1168 2262 rempublicam
1218 2200 1400 2247 suam
1448 2200 1621 2261 esse,
1672 2183 1789 2246 sed
1838 2202 1909 2248 se
1954 2183 2397 2264 reipublicae‘.
2463 2183 2591 2258 ,De
2640 2181 2856 2248 benef.

519 2292 582 2366 4,
611 2288 716 2368 32,
749 2287 824 2354 2;
869 2289 1030 2366 ,Non
1058 2273 1524 2382 rempublicam
1563 2287 1710 2367 sibi,
1746 2289 1863 2354 sed
1897 2309 1967 2354 se
2000 2291 2398 2370 reipublicae
2436 2292 2855 2356 dicaverunt‘.

697 2395 892 2462 Nihil
935 2396 1021 2459 sit
1056 2399 1188 2460 tam
1223 2395 1590 2476 pretiosum,
1639 2396 1803 2478 quod
1835 2416 1973 2461 cum
2016 2396 2334 2462 discordia
2368 2402 2621 2462 tuorum
2656 2400 2858 2460 reten-

519 2510 655 2569 tum
698 2503 870 2570 velis,
967 2501 1009 2568 S
1058 2521 1120 2582 p.
1168 2500 1319 2567 219.
1387 2502 1438 2566 Ρ
1485 2501 1531 2567 f.
1583 2503 1759 2569 17¹).
1861 2503 2102 2570 Confer
2150 2504 2543 2570 simillimam
2594 2507 2857 2568 senten-

519 2612 711 2690 tiam,
773 2629 939 2692 quae
1001 2610 1080 2674 de
1145 2609 1325 2674 clem.
1382 2609 1448 2684 1,
1501 2609 1617 2684 19,
1665 2610 1707 2676 7
1763 2611 2034 2692 legitur:
2106 2611 2303 2689 ,Nihil
2363 2611 2664 2694 cuiquam
2725 2614 2859 2675 tam

519 2719 914 2802 pretiosum,
983 2716 1153 2799 quod
1217 2701 1343 2781 non
1407 2735 1525 2796 pro
1574 2717 1784 2781 salute
1846 2718 2167 2798 praesidis
2238 2719 2341 2783 sui
2398 2725 2857 2783 commutatum

522 2823 726 2906 velit‘,
775 2825 853 2890 ad
905 2841 1098 2906 quam
1146 2822 1492 2887 verborum
1541 2825 2093 2888 constructionem
2143 2821 2223 2892 cf.
2274 2842 2372 2904 ep.
2424 2823 2527 2905 10,
2571 2825 2629 2888 1.

700 2931 798 2996 Tu
829 2931 992 2994 vivis
1023 2935 1343 3010 tamquam
1376 2949 1703 3010 nunquam
1736 2930 2102 3009 moriturus,
2136 2935 2206 2994 tu
2244 2935 2567 3013 tamquam
2601 2931 2858 3008 statim;

519 3045 775 3121 uterque
830 3037 1110 3120 peccatis
1127 3060 1146 3099 .·
1224 3041 1294 3100 tu
1352 3036 1517 3101 enim
1573 3035 1649 3102 de
1702 3035 1996 3101 hodierno
2012 3063 2045 3117 ,·
2098 3042 2169 3102 tu
2224 3037 2299 3104 de
2355 3039 2632 3105 crastino
2690 3037 2857 3104 nihil

517 3148 790 3230 coyita33
837 3147 1050 3226 itaque
1093 3143 1226 3208 vive
1270 3147 1590 3224 tamquam
1633 3143 1914 3208 victwrus
1959 3149 2017 3210 et
2061 3165 2323 3212 rursum
2358 3147 2492 3212 vive
2536 3151 2853 3226 tamquam

519 3253 885 3316 moriturus.
981 3252 1023 3318 S
1071 3270 1132 3334 p.
1169 3247 1317 3316 220.
1394 3251 1492 3314 De
1541 3249 1769 3314 eadem
1819 3253 2146 3317 sententia
2197 3253 2449 3319 Seneca
2492 3250 2661 3316 haud
2704 3267 2851 3314 raro

522 3357 854 3436 disseruit,
903 3358 1082 3422 velut
1129 3358 1196 3421 in
1245 3375 1345 3437 ep.
1383 3355 1442 3431 1,
1491 3356 1568 3423 2:
1622 3357 1807 3434 ,Fiet,
1856 3368 1929 3422 ut
1976 3358 2187 3424 minus
2239 3379 2318 3424 ex
2365 3358 2647 3425 crastino
2696 3375 2853 3441 pen-

521 3467 714 3543 deaS,
779 3464 834 3528 si
881 3463 1196 3530 hodierno
1243 3481 1501 3530 manum
1547 3464 1900 3530 inieceris‘.
1992 3465 2113 3546 Ep.
2164 3463 2267 3546 12,
2316 3464 2392 3530 9:
2462 3460 2851 3541 ,Crastinum

521 3575 579 3639 si
626 3571 941 3638 adiecerit
990 3571 1172 3650 deuS,
1221 3571 1875 3654 laeti‘respiciamus.
1967 3572 2090 3637 Ille
2153 3569 2569 3636 beatissimus
2635 3576 2855 3635 est-et

521 3697 790 3746 securus
856 3678 956 3742 sui
1005 3696 1379 3759 possessor,
1443 3679 1556 3759 qui
1618 3679 1971 3745 crastinum
2034 3678 2176 3743 sine
2239 3675 2677 3741 sollicitudine
2742 3695 2851 3744 ex·
2940 3663 2946 3668 ¹

519 3790 808 3870 spectat‘.
903 3784 1073 3849 Dial.
1124 3784 1239 3863 10,
1287 3783 1362 3862 9,
1413 3785 1489 3850 1;
1569 3786 1941 3861 ,Maximum
2002 3780 2259 3848 vivendi
2319 3782 2852 3864 impedimentum

519 3902 622 3959 est
668 3891 1094 3974 exspectatiO,
1144 3910 1309 3975 quae
1343 3891 1584 3972 pendet
1628 3911 1703 3955 ex
1740 3889 2046 3966 crastino,
2088 3887 2306 3968 perdit
2352 3888 2853 3957 hodiernum...

517 3998 814 4083 protinus
876 3999 1066 4063 vive‘.
1173 3997 1271 4065 cf.
1336 3999 1488 4066 dial.
1540 3997 1659 4072 10,
1724 3995 1801 4074 7,
1860 3994 1923 4062 9.
1986 4015 2085 4078 ep.
2133 3995 2251 4076 45,
2303 3996 2407 4064 12.
2500 3997 2851 4065 Praeterea

519 4106 766 4173 similes
815 4105 1178 4172 locutiones
1225 4105 1559 4187 leguntur,
1611 4104 1821 4186 qualis
1869 4108 1973 4168 est
2017 4102 2109 4168 sic
2156 4143 2239 4152 —
2286 4109 2630 4195 tamquam.
2724 4105 2849 4181 ‚Sic

516 4211 734 4277 vivere
785 4217 1165 4294 tamquam‘:
1216 4231 1314 4296 ep.
1354 4210 1458 4290 10,
1499 4209 1561 4277 5.
1610 4207 1717 4294 25,
1766 4206 1826 4275 5.
1878 4207 1985 4284 30,
2034 4207 2095 4276 5.
2144 4210 2251 4296 32,
2293 4211 2353 4280 1.
2402 4210 2508 4290 63,
2540 4211 2581 4279 3
2650 4209 2757 4290 83,
2785 4208 2846 4275 1.

438 4381 442 4386 .
519 4317 649 4398 (of.
701 4337 802 4402 ep.
849 4319 950 4396 14,
999 4320 1063 4389 2.
1113 4320 1218 4400 61,
1267 4321 1326 4386 1.
1377 4319 1485 4402 67,
1520 4318 1581 4387 2.
1633 4319 1783 4386 dial.
1830 4317 1892 4400 6,
1943 4319 2047 4400 10,
2082 4321 2143 4386 3.
2194 4319 2277 4384 de
2324 4318 2505 4385 clem.
2557 4315 2619 4396 1,
2656 4311 2714 4393 1,
2745 4313 2849 4402 4).
