3209 4884
2648 253 2695 324 5

359 451 459 515 ep.
509 429 620 512 34,
667 429 745 498 3:
794 435 1020 510 ,totum
1070 433 1314 516 opus‘).
1407 433 1611 512 Adde,
1660 435 1829 518 quod
1871 434 2121 501 Seneca
2157 454 2356 518 saepe
2394 437 2476 502 de
2518 437 2692 504 bono

359 541 574 608 animo
621 539 727 604 vel
775 547 996 604 mente
1058 539 1244 621 quasi
1293 540 1372 606 de
1439 540 1561 606 deo
1610 540 1902 624 loquitur
1963 548 2077 606 aut
2137 549 2482 627 utrumque
2548 564 2697 612 con·

351 647 610 730 jungit,
675 647 846 730 quod
913 651 1016 714 est
1063 646 1425 712 Stoicorum
1487 650 1843 730 proprium.
1938 647 2033 715 cf.
2090 668 2190 731 ep.
2242 649 2390 728 110,
2440 651 2513 716 1:
2582 652 2698 734 ,Te

361 753 579 820 saluto
627 760 696 820 et
739 755 933 820 iubeo
981 754 1220 820 habere
1269 763 1554 820 mentem
1601 755 1859 834 bonam,
1908 755 2028 821 hoc
2057 764 2158 820 est
2181 758 2499 840 propitios
2539 757 2695 823 deos

367 878 609 938 omneS‚
655 879 816 943 quos
867 862 1062 929 habet
1107 863 1395 946 placatos
1444 869 1509 926 et
1554 860 1873 941 faventes,
1924 864 2219 946 quisquis
2269 863 2396 928 sibi
2444 881 2516 928 se
2543 882 2694 946 pro·

367 967 660 1048 pitiavit.‘
755 970 888 1046 (De
955 970 1276 1052 ,propitiis
1325 969 1486 1034 deis‘
1536 967 1615 1033 cf.
1667 971 1862 1034 etiam
1911 988 2011 1050 ep.
2060 967 2168 1048 22,
2219 967 2335 1052 123
2398 977 2527 1034 nat.
2578 989 2685 1053 qu.

366 1074 442 1152 Π,
487 1073 594 1154 59,
641 1077 716 1153 4;
783 1076 868 1141 dl.
919 1076 1026 1154 VI,
1077 1073 1178 1151 13,
1231 1075 1306 1155 13
1374 1075 1602 1158 fragm.
1666 1076 1813 1142 Sen.
1866 1095 1967 1158 ap.
2018 1077 2181 1158 Aug.
2234 1076 2312 1140 de
2362 1076 2535 1142 civit.
2587 1077 2695 1142 dei

364 1181 468 1261 V1,
515 1201 571 1248 c.
624 1181 742 1266 103
804 1182 905 1247 Fr.
966 1182 1182 1248 Haase
1233 1201 1286 1247 v.
1334 1181 1451 1247 III.
1514 1203 1574 1264 p.
1623 1180 1812 1267 425.)
1874 1183 1994 1264 Ep.
2044 1181 2151 1261 31,
2211 1180 2326 1248 11:
2396 1182 2696 1257 ,Animus

358 1294 602 1366 rectuS,
651 1288 878 1366 bonus,
927 1307 1217 1372 magnuS,
1268 1289 1418 1369 quid
1469 1288 1645 1354 aliud
1690 1307 1880 1355 voces
1938 1289 2176 1354 bonum
2241 1307 2433 1370 quam
2497 1290 2690 1355 deum

360 1397 428 1463 in
477 1415 748 1479 corpore
794 1398 1074 1462 humano
1123 1395 1600 1477 hospitantem‘
1696 1395 1793 1460 cf.
1822 1415 1921 1480 ep.
1970 1395 2074 1468 41,
2104 1396 2163 1475 1,
2212 1395 2273 1475 2,
2323 1395 2396 1472 5;
2443 1393 2548 1471 71,
2578 1393 2695 1472 16;

361 1501 465 1585 73,
517 1501 630 1582 16;
685 1501 834 1580 107,
884 1501 990 1569 12.
1081 1502 1204 1567 His
1245 1502 1446 1584 igitur
1469 1502 1632 1567 locis
1658 1503 1817 1568 satis
1845 1519 1947 1568 me
1982 1519 2175 1583 spero
2214 1503 2696 1568 demonstrasse

358 1609 472 1674 illa
516 1609 738 1688 verba,
786 1627 950 1690 quae
1001 1609 1067 1672 in
1114 1605 1244 1672 fine
1312 1609 1506 1674 huius
1571 1608 2047 1674 sententiarum
2112 1609 2389 1692 sylloges
2454 1611 2701 1692 scripta

359 1720 538 1797 sunt,
589 1735 734 1780 cum
782 1717 1077 1780 oratione
1129 1715 1416 1781 Senecae
1465 1715 1742 1780 maxime
1791 1716 2187 1799 conspirare.

537 1820 707 1899 Quin
776 1822 972 1887 etiam
1040 1821 1278 1886 dixerit
1342 1821 1630 1886 fortasse
1708 1823 2030 1902 quispiam
2102 1823 2417 1888 Senecam
2484 1823 2697 1905 ipsum

363 1927 566 1992 multa
627 1928 974 1993 multorum
1035 1928 1565 2011 philosophorum
1636 1934 1989 2011 praecepta
2034 1929 2308 1995 moralia
2353 1929 2696 2011 collegisse

364 2038 432 2100 et
478 2053 618 2100 cum
669 2054 747 2100 ea
793 2037 875 2101 ad
923 2038 1199 2101 amicum
1247 2038 1568 2118 quendam
1617 2038 1926 2115 mitteret,
1976 2037 2157 2103 illum
2198 2035 2524 2118 epilogum
2550 2053 2697 2101 con-

363 2139 726 2224 scripsisse.
776 2142 1007 2221 ·Quod
1075 2162 1303 2225 parum
1377 2142 1716 2224 probabile
1784 2162 1931 2208 esse
2009 2141 2308 2225 equidem
2378 2141 2696 2208 existimo.

363 2247 524 2325 Quis
573 2249 744 2316 enim
791 2249 1148 2316 crediderit
1197 2250 1533 2327 Senecam,
1581 2250 1695 2332 qui
1741 2269 1859 2331 pro
1908 2250 2160 2334 ingenii
2227 2249 2331 2313 sui
2392 2249 2694 2314 ubertate

360 2359 458 2419 tot
503 2356 910 2436 amplissima
956 2375 1160 2439 opera
1219 2357 1586 2439 composuit
1645 2365 1839 2438 atque
1904 2358 1967 2421 in
2031 2355 2329 2437 epistulis
2390 2356 2555 2436 ipsis
2617 2356 2697 2420 de

357 2463 634 2543 singulis
683 2464 1131 2546 philosophiae
1179 2465 1444 2528 moralis
1492 2463 1791 2545 partibus
1820 2462 2155 2529 subtiliter
2178 2464 2515 2540 disseruit,
2563 2467 2699 2526 tam

359 2568 610 2636 levibus
662 2571 896 2636 studiis
945 2590 1211 2653 operam
1259 2572 1542 2649 dedisse,
1607 2577 1683 2635 ut
1728 2571 2022 2654 syllogen
2085 2571 2557 2636 sententiarum
2618 2587 2700 2635 ex

364 2675 638 2742 aliorum
686 2678 952 2761 suisque
1001 2679 1310 2760 operibus
1359 2680 1795 2760 congereret?
1890 2679 2179 2757 Accedit,
2228 2677 2399 2759 quod
2422 2677 2531 2757 qui
2559 2677 2697 2757 epi-

366 2780 586 2862 logum
631 2785 912 2867 scripsit,
962 2804 1344 2867 quamquam
1395 2805 1522 2850 non
1593 2784 1789 2850 flores
1850 2782 2133 2865 undique
2202 2769 2379 2848 nullo
2442 2782 2701 2848 delectu

367 2885 588 2952 habito
648 2891 1028 2973 decerpere,
1093 2893 1209 2957 sed
1258 2893 1428 2957 viam
1486 2891 1801 2957 honestae
1864 2907 1940 2955 ac
1998 2890 2230 2955 beatae
2278 2888 2458 2964 vitae
2515 2907 2696 2953 mon-

365 2995 582 3058 strare
627 2993 850 3075 voluit,
905 3004 1122 3063 tamen
1193 2999 1518 3078 ,omnium‘
1579 3000 1972 3080 sapientium
2036 2997 2276 3078 placita
2337 3013 2693 3076 congerere

355 3101 594 3184 potuit.
659 3102 766 3167 Illi
814 3104 979 3170 enim
1027 3125 1172 3171 cum
1220 3107 1299 3172 de
1346 3107 1566 3171 multis
1615 3109 1679 3170 et
1725 3102 2231 3185 elegantioribus
2281 3120 2357 3166 ac
2404 3100 2694 3168 difficili·-

361 3209 584 3274 oribus
635 3209 830 3274 rebus
879 3211 942 3275 in
989 3213 1282 3278 diversas
1332 3218 1552 3294 partes
1601 3211 1878 3288 abeant,
1940 3210 2019 3276 de
2079 3208 2405 3290 plerisque
2474 3214 2693 3274 autem

363 3320 432 3380 et
476 3316 556 3380 iis
606 3317 890 3398 quidem,
939 3337 1103 3399 quae
1153 3318 1232 3383 ad
1278 3317 1758 3400 philosophiam
1819 3316 2128 3382 moralem
2176 3319 2492 3396 spectant,
2546 3334 2696 3380 con-

366 3422 671 3505 sentiant,
735 3424 866 3488 alia
928 3442 1094 3505 quae
1158 3425 1596 3506 displicebant
1657 3423 1981 3500 omittere,
2060 3420 2191 3486 alia
2253 3441 2418 3503 quae
2481 3422 2697 3505 place-

362 3528 519 3594 bant
601 3531 850 3611 eligere
934 3531 1142 3597 licuit.
1251 3531 1398 3596 Jam
1481 3549 1637 3595 vero
1721 3528 1889 3611 quod
1972 3528 2433 3611 inscriptiones
2517 3529 2697 3610 ipsae

363 3635 601 3700 codicis
667 3637 718 3700 P
791 3638 1154 3702 sententias
1241 3637 1669 3718 complurium
1750 3635 2282 3717 philosophorum
2358 3638 2426 3702 in
2500 3654 2699 3701 unum

364 3745 808 3823 corpusculum
883 3748 1228 3825 congestas
1309 3763 1456 3810 esse
1533 3743 1841 3823 clamant,
1919 3761 2046 3809 non
2123 3746 2224 3809 est
2297 3743 2466 3825 quod
2540 3760 2697 3820 ,om-

366 3850 560 3913 nium‘
598 3851 678 3916 ad
726 3852 872 3917 illos
912 3853 1244 3934 sapientes
1285 3852 1458 3918 solos
1504 3871 1633 3917 non
1668 3852 2155 3933 restringamus
2235 3849 2417 3927 Quod
2462 3849 2697 3914 deinde

363 3957 656 4039 epilogus
705 3957 816 4022 fol.
867 3957 1002 4026 44·
1049 3960 1284 4025 iterum
1345 3961 1631 4042 scriptus
1682 3965 1804 4039 est,
1878 3960 2265 4023 documento
2316 3975 2462 4022 esse
2509 3959 2696 4036 puta-

358 4063 564 4129 verim
626 4063 808 4128 illum
880 4067 1150 4132 totidem
1225 4066 1366 4133 fere
1440 4067 1657 4133 verbis
1735 4065 1995 4147 saepius
2068 4083 2213 4130 esse
2289 4069 2695 4144 usurpatum,

361 4179 434 4238 ut
479 4170 716 4253 aliquis
761 4169 1024 4235 libellus
1073 4173 1586 4240 concluderetur.
1662 4174 1887 4254 Neque
1913 4190 2067 4236 vero
2100 4169 2476 4250 negaverim
2524 4167 2695 4232 inter

361 4277 730 4346 sententias
755 4279 1145 4344 Annaeanas
1173 4279 1346 4346 dicta
1369 4281 1687 4362 quaedam
1710 4277 1996 4360 Epicuri,
2037 4274 2354 4360 quaedam
2380 4273 2693 4358 SocratiS,
