3209 4884
2622 353 2668 424 '7

323 537 576 606 tentiae
625 537 870 618 insunt,
919 555 1130 619 neque
1176 533 1387 602 Rufus
1436 534 1567 615 ille,
1616 534 1765 618 quis,
1794 534 2015 616 fuerit,
2060 535 2472 621 perspicitur.
2543 537 2665 618 Qui

327 649 601 714 alteram
649 645 999 711 lectionem
1049 641 1432 727 (‚mirifice‘)
1477 662 1595 727 pro
1634 641 2053 709 fundamento
2075 662 2318 726 ponere
2343 645 2667 727 maluerit,

327 737 510 822 'facili
572 751 839 834 negotio
905 750 1280 817 emendabit
1329 748 1450 827 ⁰,mi
1519 747 1773 815 Rufine‘
1841 754 1954 815 aut
2021 751 2129 831 ‚mi
2194 748 2427 818 Rufine
2492 751 2663 818 iam!

336 862 470 928 Sed
515 861 590 926 de
637 857 806 926 Rufo
859 857 968 924 illo
1015 857 1120 924 vel
1166 853 1399 923 Rufino
1448 856 1756 938 quoniam
1802 857 1959 924 mihi
2006 858 2288 925 nondum
2336 859 2545 942 liquet
2581 895 2663 908 —-

343 972 493 1034 sunt
536 968 710 1034 enim
768 965 953 1032 multi
1018 965 1218 1032 huius,
1271 963 1552 1029 nominis
1601 999 1685 1011 --
1735 963 1887 1030 nolo
1949 964 2070 1033 hoc
2130 967 2273 1033 loco
2336 965 2660 1032 hariolari.

342 1074 628 1158 Interim,
677 1075 882 1140 donec
932 1075 1214 1140 certiora
1261 1072 1668 1152 edoceamur,
1718 1071 1883 1138 conf.
1911 1072 2124 1138 Paulii
2159 1073 2661 1166 Encyclop.s.xr.

335 1190 398 1250 et
443 1165 542 1252 de.
571 1179 806 1246 Rufino
867 1178 1242 1246 Christiano
1291 1178 1487 1244 Adolf
1525 1177 1759 1255 Ebert,
1801 1178 2189 1246 Geschichte
2254 1180 2371 1246 der
2433 1180 2661 1246 christ-

327 1286 542 1354 lichen
589 1287 704 1353 lat.
752 1287 981 1353 Litter.
1033 1284 1226 1352 1874.
1276 1285 1328 1350 Ι.
1378 1281 1510 1352 308
1555 1302 1653 1368 sq.

481 1393 600 1483 ,Ut
646 1393 726 1460 de
774 1393 1152 1460 auctoribus
1200 1391 1428 1458 harum
1489 1391 1970 1458 sententiarum
2032 1396 2283 1458 certum
2341 1392 2665 1476 jndicium

331 1500 548 1568 facere
595 1501 922 1582 possimus
971 1539 1052 1548 —
1102 1499 1168 1564 id
1219 1498 1394 1564 enim
1440 1516 1611 1563 nunc
1660 1516 1845 1580 agam
1899 1538 1976 1546 —
2018 1501 2297 1581 primum
2346 1497 2533 1565 nobis
2584 1497 2664 1564 de

331 1605 1057 1694 inscriptionibus
1109 1605 1367 1671 videtur
1412 1605 1851 1686 quaerendum
1902 1624 2070 1684 esse,
2119 1625 2283 1688 quae
2332 1605 2396 1671 in
2441 1606 2664 1672 codice

328 1716 380 1781 P
428 1715 674 1789 insunt,
723 1713 962 1778 cumin
989 1713 1031 1778 S
1062 1719 1126 1778 et
1151 1711 1282 1778 illis
1307 1709 1659 1789 codicibuS,
1709 1712 1941 1793 quibus
1970 1717 2165 1778 antea
2189 1710 2306 1776 Ed.
2334 1709 2661 1778 Woelfflin

333 1825 401 1887 et
447 1821 550 1885 Fr.
601 1819 822 1886 Haase
868 1817 972 1885 usi
1020 1824 1192 1895 sunt,
1240 1817 1477 1882 desint.
1574 1818 1786 1900 Atque
1835 1826 1907 1885 ut
1952 1818 2033 1886 ab
2074 1819 2207 1886 illis
2259 1819 2662 1902 incipiamuS,

324 1945 492 2009 quae
511 1928 648 1994 suis
678 1926 838 1991 locis
866 1924 1314 1991 defendendae
1343 1930 1516 2005 sunt,
1549 1926 1818 1991 minime
1840 1925 2085 2004 dubito,
2113 1926 2265 2008 quin
2286 1927 2666 2007 ‚Praecepta

324 2032 752 2115 Pythagorae*
803 2031 870 2095 in
921 2030 1029 2096 fol.
1081 2029 1212 2095 16³
1254 2037 1431 2096 recte
1473 2030 1903 2115 sequentibus
1928 2033 2275 2098 sententiis
2303 2030 2663 2113 praefixum

321 2138 430 2217 sit,
491 2138 662 2220 quod
726 2137 968 2216 omnia,
1029 2156 1193 2218 quae
1265 2138 1786 2221 praecipiuntur,
1850 2138 2234 2221 disciplinae
2302 2139 2495 2222 hujus
2540 2136 2663 2204 viri

327 2248 744 2312 conveniunt.
863 2244 1234 2326 Sequuntur
1313 2247 1380 2309 in
1448 2246 1680 2312 eodem
1763 2244 1919 2311 folio
1992 2246 2416 2328 ,aenigmata‚
2499 2262 2663 2326 quae

322 2353 714 2420 Aristoteles
763 2350 1184 2434 philosophus
1233 2353 1491 2433 posuit‘,
1543 2371 1711 2435 quae
1761 2370 1831 2417 se
1878 2357 2056 2418 recte
2103 2351 2347 2418 habere
2394 2369 2659 2432 cognos-

324 2461 493 2526 citur
549 2478 631 2525 ex
690 2459 956 2524 Aristot.
1018 2457 1178 2540 frag.
1249 2478 1312 2540 p.
1362 2457 1446 2524 71
1514 2460 1615 2524 ed.
1683 2459 2073 2525 Didotianae
2140 2456 2347 2534 1869,
2411 2459 2536 2525 vol.
2584 2457 2661 2522 V.

328 2585 390 2646 p.
440 2563 630 2633 1512.
697 2566 852 2632 edit.
919 2565 1138 2632 Berol.
1192 2565 1383 2632 1870.
1479 2567 1658 2632 Haec
1719 2572 1789 2632 et
1847 2574 2195 2647 praecepta
2257 2565 2663 2648 Pythagorae

329 2688 470 2736 cum
529 2673 759 2738 iisdem
821 2670 960 2737 fere
1011 2673 1226 2738 verbis
1286 2691 1597 2754 expressa
1658 2674 1827 2755 apud
1874 2674 2341 2755 Hieronymum
2405 2674 2664 2753 (contra

329 2775 648 2858 Rufinum,
696 2780 739 2845 l.
781 2779 905 2844 III.
955 2797 1052 2860 cp.
1096 2777 1204 2844 39.
1256 2779 1356 2844 ed.
1406 2779 1681 2845 VallarS.
1731 2781 1854 2846 vol.
1900 2780 1984 2845 II.
2034 2799 2094 2860 p.
2126 2776 2287 2859 565)
2345 2778 2669 2860 legantur,

335 2899 466 2946 non
511 2889 608 2948 est
652 2884 950 2961 dubium,
1023 2887 1176 2968 quin
1225 2887 1339 2952 illa
1387 2888 1467 2952 ab
1514 2887 1913 2970 Hieronymo
1966 2886 2363 2966 conscripta,
2434 2893 2665 2966 postea

328 2991 548 3054 autem
575 3007 674 3068 ,ex
721 2991 860 3056 eius
905 2991 1074 3056 libro
1124 2993 1468 3076 desumpta
1515 2997 1707 3074 atque
1754 2994 1853 3059 his
1902 2992 2249 3058 sententiis
2295 2991 2659 3073 praemissa

327 3093 566 3172 sint.*)
658 3095 839 3173 Quod
886 3116 961 3162 eo
1010 3096 1412 3166 manifestius
1463 3099 1557 3182 fit,
1605 3120 1753 3166 cum
1793 3099 2018 3165 eadem
2043 3099 2450 3182 Pythagorae
2487 3097 2663 3163 dicta

323 3201 619 3267 Senecae
668 3202 867 3278 libro,
915 3207 1024 3287 qui
1075 3207 1176 3280 ‚de
1227 3208 1536 3273 moribus‘
1586 3207 1781 3289 vulgo
1830 3205 2249 3284 inscribitur,
2312 3206 2377 3270 in
2426 3221 2651 3270 recen-

323 3308 602 3372 tioribus
663 3307 1019 3390 codicibus,
1081 3314 1190 3394 qui
1253 3315 1358 3382 Fr.
1405 3314 1651 3379 Haasio
1718 3317 1976 3394 praesto
2042 3311 2343 3391 fuerunt,
2411 3311 2480 3376 in
2527 3309 2659 3377 fine

332 3412 584 3479 adiecta
621 3421 898 3482 exstent.
951 3418 1062 3502 (cf.
1117 3418 1268 3485 Sen.
1302 3438 1446 3501 opp.
1484 3439 1541 3487 V.
1568 3419 1693 3485 ΙΙΙ.
1740 3438 1847 3501 pg.
1876 3417 2028 3484 467.
2080 3418 2257 3484 Sent.
2291 3417 2440 3484 144.
2475 3416 2659 3500 145),

327 3535 470 3582 cum
517 3521 582 3584 in
629 3525 1094 3591 vetustissimis
1145 3527 1497 3606 codicibuS,
1565 3526 1799 3610 quibus
1850 3522 2261 3592 Woelfflinus
2311 3543 2471 3591 usus
2538 3529 2659 3605 est,

323 3623 575 3692 desint:
640 3628 821 3696 illam
899 3639 1116 3697 autem
1189 3633 1761 3714 interpolationem
1820 3634 1900 3698 ab
1961 3632 2220 3698 homine
2282 3632 2656 3698 Christiano

324 3729 560 3798 factam
622 3753 769 3802 esse
841 3756 922 3803 ex
995 3740 1429 3818 praecedente
1497 3741 1828 3806 sententia
1890 3740 1990 3818 ,de
2058 3739 2338 3806 diabolo‘
2417 3740 2659 3821 scripta

325 3838 479 3904 satis
538 3840 950 3924 intelligitur.
1069 3846 1197 3912 Sed
1260 3852 1328 3913 et
1385 3852 1739 3928 praecepta
1807 3851 1872 3913 et
1935 3848 2309 3930 aenigmata
2372 3846 2662 3913 Senecae

319 3943 749 4013 abiudicanda
797 3967 943 4047 esse
982 3959 1285 4036 apparet,
1356 3954 1523 4036 quod
1583 3973 1795 4036 neque
1858 3953 2210 4021 accusativi
2252 3971 2397 4019 cum
2446 3951 2659 4018 infini-

316 4051 450 4119 tivo
497 4053 698 4119 verbo
747 4063 1017 4137 regente
1065 4080 1192 4127 non
1242 4063 1490 4140 addito,
1560 4081 1689 4145 qua
1734 4060 1943 4127 forma
1989 4061 2114 4126 duo
2159 4065 2509 4142 praecepta
2554 4075 2658 4123 ex-

495 4303 550 4369 *)
587 4301 672 4355 cf.
711 4299 1027 4372 Goettlingii
1063 4310 1301 4382 opuscul.
1328 4309 1370 4362 1.
1404 4308 1510 4364 278
1547 4325 1695 4377 seqq.
1735 4313 1790 4362 et
1825 4307 2108 4362 Mullaohii
2145 4305 2453 4376 frag-menta
2486 4303 2659 4373 philo-

316 4389 609 4458 sophorum
644 4405 963 4462 graecorum
997 4391 1042 4447 Ι.
1093 4394 1198 4447 504
1234 4410 1380 4465 seqq.
