3209 4884
2568 269 2611 339 3

281 447 414 514 Fol.
465 437 597 515 23⁸
641 447 884 530 legitur
931 447 1223 530 epilogus
1283 448 1544 530 quidam
1603 447 2209 532 auctoris'(,Habes
2258 453 2327 516 et
2371 468 2431 531 q.
2482 449 2615 534 S.‘),

281 557 393 638 qui
439 556 711 622 totidem
760 553 904 622 fere
948 556 1166 622 verbis
1215 554 1453 620 iterum
1503 557 1785 637 scriptus
1836 559 1940 621 est
1985 555 2097 620 fol.
2145 555 2305 624 44⁸.

458 659 536 746 2)
586 661 742 728 Cod.
791 660 1130 727 Parisinus
1179 661 1272 728 lat
1321 661 1538 730 10318
1583 661 1774 742 (olim
1822 661 2031 744 suppl.
2078 661 2190 727 lat.
2218 660 2381 746 685)
2432 663 2618 730 Sal-

283 769 706 835 masianus
757 769 894 853 (S),
959 768 1038 833 ab
1108 767 1466 834 editoribus
1534 769 1946 849 anthologiae
2014 768 2255 835 latinae
2320 771 2618 836 certatim

285 875 581 942 laudatus
631 891 705 940 ac
754 893 962 956 nuper
1011 865 1376 957 descriptus
1425 875 1504 940 ab
1555 875 1921 941 Alexandro
1968 875 2164 941 Riese
2182 876 2248 959 ³⁸²)
2296 876 2365 942 in
2412 876 2619 959 praef.

271 971 443 1047 edit.
491 983 730 1048 anthol.
785 982 909 1047 vol.
957 983 1005 1047 1.
1055 1001 1162 1065 pg.
1191 983 1335 1048 XII.
1375 1000 1536 1065 sqq.‚
1586 983 1743 1047 item
1771 983 1851 1046 ab
1876 983 2131 1049 Joanne
2158 981 2621 1049 Gildemeister

289 1090 353 1154 in
411 1087 823 1172 praefatione
884 1088 966 1154 ad
1014 1089 1195 1154 Sexti
1260 1089 1622 1154 sententias
1684 1108 1792 1171 pg.
1839 1088 1987 1153 XIV
2034 1107 2170 1170 sqq.
2262 1088 2619 1171 Imaginem

283 1196 650 1276 scripturae
731 1195 929 1260 habes
1008 1195 1077 1260 in
1141 1195 1472 1277 Exemplis
1555 1194 1846 1260 codicum
1916 1194 2321 1260 Latinorum.
2377 1189 2622 1262 litteris

284 1301 668 1367 maiusculis
746 1303 1138 1384 scriptorum
1219 1300 1383 1380 (tab.
1448 1299 1561 1379 46)
1636 1300 1830 1366 editis
1897 1321 1935 1366 a
2001 1301 2486 1382 Zangemeistro
2556 1307 2659 1369 et·

283 1406 800 1486 wattenbachio,
850 1409 960 1489 qui
1009 1408 1204 1474 iidem
1253 1408 1538 1474 codicem
1587 1399 1851 1473 circiter
1888 1427 2127 1473 annum
2153 1406 2286 1475 700
2308 1411 2623 1492 scriptum

286 1531 429 1580 esse
497 1518 824 1593 statuunt,
886 1533 1034 1597 pag.
1097 1513 1202 1581 10.
1296 1516 1394 1580 De
1461 1519 1735 1580 externa
1796 1515 2005 1580 forma
2067 1516 2459 1582 monendum
2522 1525 2623 1582 est

285 1625 669 1697 sententias,
721 1623 800 1686 de
848 1623 1081 1703 quibus
1131 1621 1236 1686 hic
1283 1622 1530 1706 agitur,
1581 1622 1873 1703 incipere
1921 1640 2069 1704 pag.
2116 1621 2247 1690 205
2310 1627 2623 1704 extrema,

283 1745 485 1792 versu
529 1723 634 1792 29.
683 1735 782 1806 (ac
831 1729 1099 1795 totidem
1147 1748 1376 1794 versus
1422 1727 1489 1794 in
1538 1748 1669 1795 una
1715 1748 1967 1812 quaque
2014 1731 2255 1811 pagina
2276 1729 2619 1814 leguntur)
2728 1763 2731 1766 -

285 1831 773 1900 indeaverbis:
825 1834 1028 1913 ‚Quae
1053 1841 1208 1900 sunt
1231 1836 1549 1901 maximae
1575 1835 1863 1902 divitiae‘
1913 1835 2204 1918 pg.206;
2254 1835 2619 1919 pg.207—-

285 1933 417 2006 218
463 1957 617 2006 vero
666 1941 748 2006 ad
793 1940 962 2008 alius
1012 1942 1378 2022 argumenti
1425 1941 1629 2009 libros
1678 1943 2033 2024 pertinere,
2083 1963 2199 2008 sex
2245 1941 2417 2008 foliis
2465 1944 2623 2009 vitio

286 2045 640 2129 bibliopegi
687 2048 855 2113 male
902 2049 1192 2123 insertis,
1245 2049 1479 2114 deinde
1529 2050 1898 2114 continuari
1932 2051 2295 2116 orationem
2320 2067 2466 2131 pag.
2494 2047 2627 2116 206

279 2152 719 2235 interruptam
777 2174 919 2237 pag.
967 2155 1118 2236 219,
1167 2155 1343 2221 finiri
1411 2155 1708 2221 libellum
1758 2175 1899 2238 pag.
1948 2154 2111 2231 228,
2159 2178 2219 2223 v.
2266 2155 2374 2222 23.
2423 2155 2510 2223 24
2556 2157 2623 2221 in

279 2260 499 2326 verbis
568 2261 787 2342 ,longa
852 2261 1179 2328 simulatio
1248 2269 1364 2329 est
1405 2262 1805 2329 EXPLICIT
1872 2263 2372 2330 FELICITER‘.
2467 2248 2625 2328 For-

285 2360 462 2432 sitan
527 2367 821 2448 queraris
879 2369 960 2434 de
1027 2369 1458 2450 inscriptione
1521 2369 1777 2434 librarii
1825 2369 2124 2435 socordia
2186 2369 2447 2434 omissa.
2543 2369 2626 2434 At

279 2471 450 2551 vide,
499 2475 820 2555 quomodo
854 2475 1050 2541 liceat
1097 2495 1177 2540 ex
1225 2495 1445 2542 errore
1486 2476 1741 2542 scribae
1767 2477 1975 2560 ipsam
2002 2475 2343 2542 veritatem
2370 2493 2623 2540 eruere.

285 2577 552 2646 Scilicet
611 2582 925 2662 scriptum
987 2586 1089 2647 est
1149 2601 1292 2665 pag.
1352 2581 1504 2660 228,
1553 2601 1611 2646 v.
1660 2580 1766 2648 25.
1858 2581 2104 2649 ΙΝΟΙΡ.
2155 2581 2625 2649 LVGIANAEI

289 2685 595 2752 SENICE
645 2688 996 2755 MONITA.
1091 2689 1468 2772 Sequuntur
1513 2686 1746 2754 verba:
1797 2689 2007 2768 ‚Licet
2052 2693 2428 2754 cunctorum
2472 2697 2627 2770 poe-

289 2797 506 2858 tarum
551 2797 855 2860 carmina‘
907 2799 973 2860 et
1019 2813 1079 2877 q.
1130 2815 1206 2874 s.,
1255 2814 1418 2877 quae
1466 2797 1774 2878 leguntur
1834 2797 1901 2861 in
1959 2795 2281 2877 principio
2345 2794 2497 2860 libri
2546 2795 2626 2860 de
2712 2845 2717 2850 .

293 2899 601 2964 remediis
649 2899 1090 2979 fortuitorum,
1141 2908 1207 2966 et
1230 2920 1374 2984 pag.
1400 2899 1533 2968 238
1557 2902 1623 2966 in
1648 2900 1811 2967 fine:
1863 2887 2271 2968 LVCIXNEI
2296 2900 2627 2966 SENEGE

289 3004 408 3068 AD
461 3003 954 3072 GALLIONEM
1001 3007 1413 3074 FRATREM
1460 3009 1575 3073 DE
1614 3007 2032 3074 REMEDIIS
2061 2993 2621 3074 FORTUITORU

287 3095 536 3177 EX‘PE
631 3111 798 3190 Quid
845 3114 1076 3178 multa!
1171 3113 1352 3190 Quae
1403 3133 1548 3180 esse
1594 3115 1855 3181 videtur
1920 3113 2260 3196 inscriptio
2326 3112 2477 3177 libri
2544 3113 2625 3178 de

289 3219 601 3286 remediis
650 3219 1066 3286 fortuitorum
1116 3221 1452 3305 (Monita),
1504 3221 1721 3302 potius
1773 3221 2049 3286 dicenda
2098 3225 2201 3285 est
2226 3218 2621 3300 subscriptio

288 3327 781 3407 sententiarum,
831 3331 901 3392 ut
949 3329 1493 3410 subscriptionem
1528 3334 1594 3393 et
1637 3327 2128 3409 inscriptionem
2152 3328 2222 3393 in
2246 3344 2445 3392 unum
2471 3343 2628 3390 con-

287 3429 472 3498 flatas
523 3453 670 3500 esse
735 3436 1120 3502 existimem.
1216 3436 1408 3501 Certe
1462 3453 1697 3500 nomen
1761 3435 2217 3514 ‚monitorum‘‚
2282 3437 2355 3498 ut
2400 3450 2627 3513 parum

287 3540 644 3622 respondet
688 3542 853 3608 libro
904 3544 984 3609 de
1033 3543 1340 3619 remediis
1391 3541 1830 3621 fortuitorum,
1897 3542 1991 3606 ita
2036 3546 2259 3622 aptum
2320 3544 2425 3606 est
2482 3557 2627 3606 sen-

288 3634 516 3713 tentiis
567 3646 701 3713 illis
751 3649 1128 3716 moralibus.
1223 3651 1435 3730 Atque
1484 3649 1562 3714 de
1629 3649 1729 3713 his
1790 3648 2013 3713 statim
2059 3645 2459 3726 videbimus3
2528 3647 2625 3711 in-

289 3753 481 3819 terim
529 3755 690 3820 satis
759 3757 888 3820 erit
952 3758 1284 3823 monuisse
1347 3757 1416 3820 in
1483 3755 1707 3821 codice
1757 3753 2159 3820 Salmasiano
2222 3772 2431 3835 neque
2494 3753 2631 3817 ulla

291 3875 558 3940 usquam
639 3861 861 3932 addita
941 3882 1088 3929 esse
1151 3863 1681 3947 philosophorum
1760 3863 2023 3927 nomina
2098 3879 2308 3943 neque
2387 3859 2627 3922 litteris

289 3964 654 4032 initialibus
703 3969 1164 4048 grandioribus
1215 3977 1423 4036 totum
1481 3971 1957 4036 sententiarum
2018 3985 2251 4049 corpus
2300 3967 2366 4030 in
2412 3964 2627 4030 varias

288 4077 508 4154 partes
557 4072 776 4138 dividi.

467 4215 520 4281 *)
557 4212 717 4265 Riese
753 4213 868 4280 ipse
907 4215 1008 4268 has
1045 4219 1338 4271 sententias
1373 4233 1534 4286 pagg.
1573 4215 1696 4269 206.
1746 4213 2027 4267 219—228
2081 4213 2229 4266 Sexti
2278 4171 2395 4262 esse
2444 4209 2627 4261 existi-

285 4302 472 4372 mavit,
508 4300 654 4370 quod
690 4301 892 4355 falsum
929 4317 1047 4356 esse
1086 4305 1248 4358 etiam
1284 4306 1659 4360 Gildemeister
1694 4321 1745 4372 p.
1784 4301 1931 4356 XIV.
1970 4301 2092 4354 adn.
2132 4300 2420 4352 contendit.
