3209 4884
2624 285 2715 358 27

377 469 482 532 est
527 463 681 540 boni
746 463 923 532 viri?
999 466 1314 546 praebere
1363 485 1435 530 se
1484 465 1618 532 fato
1672 516 1685 531 .
1733 466 1981 548 grande
2044 465 2352 532 solatium
2420 473 2522 534 est
2566 486 2713 536 cum

373 573 682 640 universo
731 572 873 653 rapi
923 622 936 636 .
986 573 1288 653 quicquid
1338 579 1468 653 est,
1537 573 1707 654 quod
1774 592 1889 638 nos
1957 574 2049 638 sic
2098 574 2351 647 vivere,
2404 575 2499 640 sic
2546 575 2713 640 mori

364 678 598 764 jussit,
649 679 877 742 eadem
926 680 1321 744 necessitate
1383 683 1448 744 et
1511 680 1670 745 deos
1720 680 2006 761 adligat‘.
2103 679 2272 746 Dial.
2320 679 2398 763 7,
2462 678 2581 760 15,
2631 679 2674 746 7
2690 699 2708 744 2

379 785 704 868 ,quicquid
769 805 849 850 ex
927 786 1216 851 universi
1281 787 1750 852 constitutione
1820 787 2199 868 patiendum
2272 793 2403 862 est,
2474 804 2707 868 magno

387 893 778 974 suscipiatur
823 891 1040 958 animo
1083 942 1096 956 .
1137 882 1217 958 ad
1264 893 1384 958 hoc
1433 901 1909 959 sacramentum
1955 893 2166 959 adacti
2215 911 2471 972 eumue,
2537 912 2709 958 mor-

380 998 537 1063 talia
583 998 756 1064 ferre
820 1017 941 1063 nec
988 999 1359 1080 perturbari
1419 1001 1534 1081 iis,
1597 1018 1762 1081 quae
1821 1001 2029 1067 vitare
2088 1019 2217 1066 non
2283 1007 2385 1066 est
2446 1004 2711 1067 nostrae

382 1105 764 1186 potestatis‘.
861 1104 953 1170 Cf.
1003 1104 1151 1173 dial.
1204 1104 1321 1183 11,
1369 1105 1440 1184 4,
1492 1106 1550 1171 1.
1618 1114 1746 1171 nat.
1798 1125 1857 1187 q.
1907 1104 1985 1180 2,
2035 1103 2155 1180 35,
2198 1104 2258 1173 2.
2328 1125 2429 1186 ep.
2482 1105 2595 1186 16,
2644 1105 2706 1174 5.

377 1211 545 1277 Sunt
591 1219 935 1294 praeterea
981 1213 1289 1292 permulti
1339 1212 1499 1290 loci,
1557 1212 1793 1293 quibus
1841 1213 2263 1294 philosophus
2314 1214 2535 1278 omnia
2584 1213 2711 1296 leye

369 1323 644 1383 naturae
687 1318 826 1402 regi
873 1319 1052 1398 dicit,
1123 1326 1196 1384 ut
1245 1319 1390 1385 dial.
1443 1317 1504 1398 7,
1555 1317 1659 1400 15,
1709 1317 1784 1384 5:
1844 1319 1982 1402 ‚illa
2050 1320 2312 1386 fortiter
2374 1319 2577 1384 stabit
2647 1326 2716 1384 et

373 1425 679 1507 quicquid
728 1425 1034 1509 evenerit,
1086 1426 1260 1491 feret
1290 1444 1417 1490 non
1455 1427 1712 1508 patiens
1752 1431 2025 1505 tantum,
2074 1427 2193 1491 sed
2226 1425 2421 1491 etiam
2460 1426 2711 1505 volenS,

381 1549 766 1612 omnemque
813 1538 1180 1615 temporum
1229 1531 1676 1600 difficultatem
1726 1535 1891 1599 sciet
1937 1533 2147 1614 legem
2196 1551 2343 1598 esse
2400 1537 2708 1600 naturae‘.

377 1637 457 1705 cf.
509 1638 662 1702 dial.
714 1636 814 1713 11,
867 1638 970 1716 10,
1018 1640 1098 1716 4;
1150 1639 1250 1715 11,
1295 1641 1370 1718 4;
1427 1638 1526 1719 17,
1575 1639 1637 1706 2.
1691 1639 1794 1716 12,
1846 1638 1948 1723 13,
1998 1639 2059 1708 2.

565 1743 872 1824 Quomodo
891 1747 1242 1836 potentiam
1270 1747 1496 1828 optime
1524 1745 1735 1812 tuebor
1757 1745 1793 1811 ,2
1834 1747 1971 1812 sine
1998 1746 2379 1828 impotentia.
2411 1745 2454 1812 S
2480 1764 2540 1829 p.
2558 1744 2709 1812 222.

373 1851 555 1916 Rem.
591 1850 738 1917 fort.
782 1850 887 1932 10,
924 1851 1001 1918 2;
1053 1854 1214 1933 ,Non
1249 1873 1392 1921 sum
1431 1859 1687 1938 potens.
1725 1855 1970 1934 Gaude,
2004 1854 2329 1941 impotens
2374 1871 2501 1918 non
2534 1854 2709 1918 eris‘.

379 1955 478 2022 cf.
529 1976 628 2040 ep.
658 1956 778 2036 42,
826 1957 900 2025 3:
953 1978 1202 2040 ,magna
1251 1965 1544 2042 potentia
1591 1962 1986 2042 impotenter
2032 1964 2339 2027 utuntur‘.
2408 1959 2575 2025 Dial.
2613 1958 2712 2034 12,

373 2063 490 2143 14,
537 2063 615 2130 2:
687 2066 1062 2146 ,potentiam
1111 2065 1464 2132 liberorum
1534 2067 1841 2134 muliebri
1912 2069 2298 2150 impotentia
2356 2073 2707 2135 exercent‘.

551 2169 916 2238 Maximam
958 2173 1268 2238 indiciam
1312 2175 1655 2240 constantis
1700 2176 1903 2240 animi
1946 2180 2039 2240 est
2072 2195 2329 2256 semper,
2380 2195 2500 2256 quo
2531 2174 2711 2239 valta

371 2278 625 2356 exieris,
673 2279 876 2344 eodem
920 2281 1186 2346 reverti‘.
1269 2282 1319 2345 P
1368 2282 1414 2346 1.
1447 2281 1535 2347 22
1564 2281 1625 2348 b.
1713 2282 1813 2348 Cf.
1864 2282 1945 2348 de
1980 2283 2079 2347 ira
2111 2281 2171 2362 2,
2202 2280 2263 2360 7,,
2304 2281 2375 2346 1:
2428 2282 2711 2356 ,desinet

371 2386 488 2452 ille
551 2385 854 2451 Socrates
918 2406 1115 2468 posse
1183 2388 1460 2454 eundem
1525 2388 1774 2454 vultum
1846 2388 2103 2454 domum
2162 2386 2450 2468 referre,
2512 2405 2707 2469 quem

371 2493 561 2558 domo
613 2493 976 2559 extulerat‘.
1022 2490 1024 2492 ’
1079 2549 1082 2554 .
2764 2573 2770 2580 q

371 2601 375 2605 ’
549 2599 906 2665 Laboribus
951 2601 1310 2668 adsuescere
1353 2607 1566 2667 contra
1606 2604 1932 2685 fortunam
1979 2602 2251 2669 exerceri
2296 2607 2404 2668 est.
2495 2600 2539 2666 S
2575 2596 2709 2666 221

341 2707 422 2792 ⁵P
464 2705 508 2774 f.
549 2706 632 2775 18
658 2705 703 2770 ¹³.
757 2707 1072 2772 Similiter
1105 2708 1256 2774 dial.
1295 2708 1355 2788 1,
1387 2707 1447 2788 2,
1475 2707 1551 2776 2:
1603 2709 1857 2784 ,Omnia
1891 2711 2164 2776 adversa
2202 2709 2705 2774 exercitationes

381 2816 584 2896 putat‘
635 2833 736 2896 ep.
788 2813 898 2892 18,
947 2814 1021 2880 5:
1087 2815 1181 2892 ‚In
1229 2815 1374 2908 ipsa
1405 2817 1773 2884 ,securitate
1822 2816 2073 2881 animus
2135 2815 2214 2880 ad
2277 2813 2573 2879 difficilia
2634 2830 2705 2878 se

374 2925 721 3001 praeparet
768 2927 834 2987 et
880 2928 1106 2987 contra
1153 2922 1427 2988 iniurias
1476 2925 1777 2987 fortunae
1812 2924 1987 2986 inter
2020 2921 2339 2988 beneficia
2368 2919 2705 2986 firmetur‘⁶

376 3022 476 3090 Cf.
530 3043 627 3107 ep.
678 3025 793 3107 18,
841 3025 914 3108 6,
967 3027 1082 3106 11,
1135 3027 1235 3097 12.
1335 3025 1570 3093 Contra
1611 3029 1937 3109 fortunam
1996 3033 2238 3110 passim
2301 3031 2365 3093 in
2416 3027 2705 3092 Senecae

369 3133 558 3198 libris
609 3134 862 3216 legitur.
949 3135 1029 3200 cf.
1081 3154 1178 3216 ep.
1229 3134 1336 3213 26,
1384 3134 1446 3201 5.
1505 3135 1612 3208 48,
1667 3135 1769 3201 10.
1831 3131 1935 3209 71,
1986 3133 2091 3202 34.
2153 3133 2262 3216 74,
2311 3134 2412 3204 19.
2486 3133 2591 3208 92,
2641 3133 2703 3200 2.

370 3239 477 3320 99,
529 3239 633 3310 32.
699 3239 846 3313 100,
897 3239 1001 3305 11.
1067 3240 1216 3325 108,
1264 3239 1325 3310 ’7.
1395 3241 1543 3322 113,
1590 3241 1699 3308 28.
1764 3241 1915 3307 dial.
1967 3240 2025 3316 1,
2077 3239 2139 3317 2,
2190 3239 2265 3320 2;
2313 3241 2375 3316 4,
2428 3239 2545 3322 12;
2594 3241 2703 3308 29.

546 3346 872 3413 Nobilitas
939 3351 1029 3413 est
1088 3366 1425 3432 yenerosus
1486 3351 1758 3416 animus,
1855 3347 1897 3414 S
1960 3369 2020 3431 p.
2069 3347 2221 3414 221.
2319 3349 2571 3414 Seneca
2634 3351 2702 3414 in

373 3469 472 3532 ep.
521 3454 608 3521 44
654 3454 874 3521 multis
923 3453 1141 3521 verbis
1192 3455 1271 3521 de
1320 3456 1437 3522 hac
1485 3476 1557 3522 re
1606 3458 1916 3537 disputat,
1982 3455 2062 3522 cf.
2112 3456 2503 3537 praesertim
2554 3455 2589 3540 ἓ
2628 3453 2703 3524 5:

371 3557 552 3636 ,Quis
597 3565 700 3626 est
735 3561 1146 3642 generosus?
1194 3562 1275 3626 ad
1322 3564 1631 3628 virtutem
1676 3563 1845 3628 bene
1894 3582 1933 3628 a
1980 3569 2215 3628 natura
2252 3564 2694 3645 compositus‘.

373 3663 473 3728 Cf.
515 3683 618 3746 ep.
667 3665 816 3746 102,
863 3667 972 3734 21.

549 3771 658 3838 Sic
719 3773 935 3840 habita
954 3826 970 3855 ,
1039 3780 1111 3840 ut
1165 3775 1386 3856 potius
1455 3774 1747 3840 dominus
1812 3775 2137 3864 laudetur,
2205 3797 2395 3859 quam
2460 3776 2698 3842 domas.

377 3873 420 3938 S
469 3892 530 3954 p.
578 3875 728 3948 228.
805 3882 854 3946 Ρ
903 3879 946 3945 1.
994 3880 1154 3949 21¹³.
1251 3883 1391 3949 Hoc
1440 3902 1693 3966 quoque
1741 3885 2044 3952 similiter
2104 3887 2415 3968 scriptum
2465 3883 2717 3964 legitur·

373 3981 441 4046 in
492 3981 680 4049 Mart.
729 3987 916 4052 Dum.
969 3989 1156 4060 form.
1204 3993 1351 4060 11011.
1401 3993 1514 4058 vit.
1550 3993 1613 4070 4,
1647 3991 1721 4058 5;
1772 4011 1913 4072 ,nec
1960 3991 2291 4058 dominum
2336 3990 2501 4056 velis
2550 4007 2701 4054 esse

374 4093 603 4155 notum
650 4109 689 4155 a
737 4091 1016 4172 domino,
1066 4099 1180 4161 sed
1229 4099 1487 4164 domum
1533 4118 1572 4164 a
1620 4100 1918 4165 domino‘.
1979 4135 2061 4146 -

548 4196 642 4262 Ut
670 4198 752 4262 ad
786 4196 1130 4265 verborum
1165 4223 1349 4270 usum
1384 4206 1960 4288 transgrediamur,
2010 4205 2214 4269 multa
2248 4205 2313 4268 in
2352 4203 2699 4268 sententiis

369 4310 721 4374 occurrunt
790 4310 858 4372 et
926 4304 1176 4371 rariora
1231 4311 1575 4389 vocabula,
1642 4310 1818 4378 velut
1885 4309 2268 4388 adversatio,
2343 4314 2700 4396 anyto-stare,
