3209 4884
2602 253 2689 328 17

353 431 697 504 derantur:
765 435 872 506 63.
923 436 1028 508 64.
1077 436 1181 506 69.
1233 438 1336 505 10.
1407 438 1626 522 (cuius
1688 441 1853 504 sent.
1918 440 2243 520 posterior
2287 460 2439 522 pars
2490 446 2688 513 etiam

351 544 418 610 in
467 543 612 610 Pf.
666 545 796 614 188
824 544 1096 629 legitur)
1146 545 1306 614 808.
1364 544 1467 612 86.
1513 545 1619 614 87.
1682 545 1909 628 91192.
1956 544 2061 613 93.
2090 533 2332 633 96197.
2380 549 2488 617 99.
2537 552 2688 622 100.

350 650 558 717 114.
569 651 827 719 ’118.9
893 651 2061 740 119b.120.123l124.1251126.
2154 654 2335 720 Inde
2362 658 2691 740 colligitur

355 761 723 826 sententias
775 760 926 826 libri
975 760 1042 825 M
1091 778 1172 825 ex
1219 761 1434 843 aliquo
1485 760 1839 842 exemplari
1889 762 2251 844 exscriptas
2304 781 2467 842 esse,
2519 768 2689 848 quod

358 867 426 930 in
449 866 592 932 hac
648 867 903 949 quidem
965 875 1149 948 parte
1208 867 1465 948 plenius
1526 872 1669 932 erat
1726 886 1917 949 quam
1976 869 2045 948 P,
2112 870 2229 935 sed
2289 872 2499 952 ipsum
2561 893 2689 940 non

360 977 458 1036 tot
501 973 783 1040 habebat
827 973 1213 1047 sententias,
1264 979 1420 1055 quot
1469 975 1532 1040 S.
1630 973 1814 1051 Quod
1862 979 2079 1040 autem
2129 977 2196 1041 in
2244 978 2361 1045 hac
2409 985 2688 1062 partein

358 1079 408 1144 P
453 1081 656 1146 multo
705 1081 915 1146 minor
964 1083 1439 1147 sententiarum
1502 1089 1602 1146 est
1649 1101 1975 1158 numerus,
2038 1101 2226 1164 quam
2288 1085 2355 1150 in
2406 1088 2447 1153 S
2497 1093 2563 1154 et
2609 1109 2691 1156 ne

359 1206 486 1252 una
546 1189 808 1269 quidem
867 1207 1033 1255 nova
1105 1188 1376 1268 legitur,
1445 1187 1705 1252 omnino
1768 1189 1836 1252 M
1898 1185 1966 1254 et
2024 1189 2072 1252 P
2140 1195 2499 1273 comparari
2565 1215 2692 1262 non

358 1309 558 1372 posse
608 1298 896 1375 apparet.
994 1293 1122 1360 Sed
1169 1313 1296 1376 qua
1359 1295 1423 1359 in
1471 1299 1659 1375 parte
1710 1294 1753 1360 S
1804 1292 2055 1374 deficit,
2117 1297 2181 1361 in
2231 1299 2346 1364 illa
2393 1290 2461 1364 M
2506 1307 2691 1383 quat-

261 1423 280 1428 *
359 1401 718 1467 tuordecim
767 1402 1130 1467 sententias
1180 1421 1324 1468 cum
1383 1401 1433 1466 P
1498 1419 1871 1467 communes
1912 1401 2139 1467 habet:
2192 1403 2338 1472 128.
2389 1405 2537 1474 129.
2589 1408 2694 1475 12.

361 1507 500 1574 130.
589 1507 736 1576 132.
804 1508 1004 1576 1328.
1086 1509 1234 1575 131.
1297 1507 1446 1575 135.
1517 1507 1664 1576 137.
1726 1508 1876 1577 138.
1958 1508 2160 1576 1408.
2226 1510 2373 1577 141.
2465 1514 2692 1596 ltaque

361 1621 556 1680 antea
603 1616 729 1681 fuit
775 1616 1039 1698 aliquod
1088 1617 1434 1698 exemplar,
1487 1635 1565 1680 ex
1614 1634 1739 1699 quo
1788 1617 1837 1680 P
1887 1623 1953 1682 et
2000 1617 2067 1682 M
2114 1617 2421 1684 maiorem
2470 1639 2697 1686 nume-

357 1742 502 1789 rum
551 1741 739 1805 quam
811 1723 854 1789 S
919 1723 1439 1805 desumpserunt.
1533 1725 1669 1789 Iam
1730 1743 1881 1789 vero
1946 1743 2025 1788 ex
2073 1723 2204 1789 illis
2273 1743 2438 1806 quae
2500 1726 2566 1791 in
2632 1729 2697 1795 M

361 1831 501 1896 solo
549 1828 851 1910 leguntur
898 1831 1246 1897 sententiis
1313 1830 1554 1895 multae
1622 1831 1867 1895 nomini
1917 1830 2208 1896 Senecae
2273 1841 2449 1898 certe
2514 1835 2698 1900 addi-

366 1937 608 2002 cendae
673 1941 844 2002 sunt.
959 1937 1051 2004 Ut
1111 1938 1254 2002 illas
1322 1939 1638 2014 omittam,
1701 1956 1865 2018 quae
1931 1940 2127 2003 etiam
2189 1939 2257 2003 in
2329 1939 2373 2005 S
2422 1941 2471 2008 P
2529 1942 2699 2006 inter

367 2046 743 2110 Annaeanas
802 2042 1130 2125 leguntur,
1197 2043 1567 2109 sententiae
1616 2041 1700 2109 35
1750 2051 1815 2108 et
1861 2041 1949 2110 36
2000 2045 2067 2108 in
2130 2063 2326 2110 unam
2383 2047 2701 2114 conflatae

365 2153 493 2218 iam
539 2172 597 2216 a.
645 2151 777 2218 567
822 2170 886 2232 Ρ.
937 2151 1085 2217 Chr.
1137 2171 1198 2217 n.
1250 2151 1314 2215 in
1367 2149 1659 2216 Concilio
1708 2149 2072 2216 Turonensi
2116 2150 2202 2216 II.
2254 2170 2393 2218 can.
2444 2152 2532 2219 14
2586 2173 2700 2220 no-

362 2259 536 2324 mine
599 2259 890 2326 Senecae
952 2257 1188 2322 citatae
1251 2263 1406 2322 sunt
1461 2256 1736 2339 (Haase,
1802 2257 2009 2338 praef.
2076 2258 2157 2323 ad
2205 2257 2355 2324 Sen.
2404 2259 2528 2327 vol.
2577 2261 2698 2329 III.

358 2386 421 2448 p.
471 2365 664 2446 XX);
731 2369 900 2430 sent.
962 2362 1222 2432 39—43
1285 2382 1365 2428 ex
1429 2362 1598 2429 libro
1660 2364 1739 2429 de
1796 2383 1955 2429 rem.
2035 2363 2185 2430 fort.
2252 2367 2364 2447 (II,
2427 2365 2487 2433 3.
2558 2366 2701 2446 VII,

360 2471 558 2539 1-3,
609 2473 788 2550 VIII,
837 2471 910 2552 2)
961 2479 1258 2551 sumptae
1307 2477 1476 2535 sunt.
1529 2471 1710 2536 Sent.
1760 2468 1863 2536 19.
1916 2470 2109 2555 (Sen.
2159 2473 2238 2537 de
2285 2492 2462 2554 prov.
2495 2470 2557 2552 6,
2602 2471 2701 2558 6),

367 2597 418 2642 S.
467 2578 555 2645 21
607 2579 721 2659 (de
763 2579 861 2644 ira
905 2579 994 2658 Π,
1043 2577 1150 2656 32,
1199 2577 1296 2660 3),
1347 2596 1398 2646 ε.
1447 2577 1536 2645 48
1575 2581 1707 2660 (6Ρ.
1737 2577 1797 2656 3,
1823 2577 1893 2660 2)
1944 2578 2253 2652 s.44(cf.
2283 2579 2470 2646 Mart.
2508 2581 2704 2646 Dum.

368 2685 448 2748 de
521 2685 705 2750 form.
774 2687 920 2751 hon.
982 2685 1095 2750 vit.
1145 2683 1219 2762 3,
1270 2685 1333 2754 1.
1404 2686 1553 2752 Sen.
1603 2705 1704 2767 ep.
1753 2686 1829 2763 8,
1878 2684 1953 2762 5)
2004 2706 2054 2751 s.
2104 2685 2190 2752 65
2236 2690 2374 2770 (ep.
2423 2685 2540 2765 97,
2592 2686 2696 2756 13.

373 2790 652 2870 e'p.105,
681 2790 778 2870 8),
827 2809 880 2856 S.
907 2789 992 2856 73
1039 2797 1166 2874 (ep.
1197 2790 1346 2871 114,
1375 2791 1447 2876 1)
1499 2811 1548 2858 s.
1594 2791 1723 2859 139
1768 2793 1951 2877 (Sen.
1980 2793 2241 2876 Thyest.
2268 2792 2443 2860 1107
2478 2795 2701 2877 Peip.;

373 2897 455 2960 de
506 2895 688 2960 clem.
736 2896 921 2975 1,13,
962 2897 1062 2982 2),
1111 2899 1413 2964 videntur
1459 2899 1747 2965 Senecae
1797 2919 1965 2969 esse.
2059 2901 2147 2965 At
2192 2880 2505 2983 qua'edam
2550 2907 2705 2966 sunt

374 3001 712 3068 Ciceronis
751 3003 1060 3083 (§18.=
1109 3005 1190 3069 de
1239 3023 1376 3070 sen.
1428 3005 1532 3086 18,
1571 3001 1693 3084 66;
1758 3004 1792 3088 ξ
1842 3004 1930 3073 20
1976 3035 2058 3062 --
2098 3007 2178 3073 de
2226 3009 2409 3073 amic.
2460 3005 2535 3087 6,
2582 3006 2704 3089 22;

369 3105 450 3174 cf.
505 3107 658 3173 Sen.
711 3127 808 3192 ep.
852 3109 924 3185 3,
961 3111 1060 3190 2),
1121 3111 1250 3176 alia
1293 3113 1615 3178 Lactantii
1664 3115 1725 3192 (ἓ
1774 3113 1813 3178 3
1863 3142 1943 3167 =
1991 3114 2169 3180 Lact.
2221 3115 2425 3180 instit.
2477 3114 2537 3190 3,
2590 3112 2706 3194 153

370 3215 478 3298 §4
526 3243 610 3269 =
657 3212 808 3282 inst.
857 3216 918 3294 6,
943 3215 1047 3295 23,
1095 3219 1132 3302 ξ
1170 3217 1256 3285 29
1304 3249 1386 3274 =
1436 3221 1590 3284 inst.
1640 3217 1701 3300 5,
1743 3217 1881 3302 10),
1931 3220 2060 3285 alia
2106 3221 2382 3286 hominis
2431 3221 2705 3312 Christi-

371 3323 476 3386 ani
523 3324 628 3406 (ἐξ
655 3321 742 3389 55
767 3329 834 3390 et
862 3324 1008 3407 143,
1059 3327 1123 3391 id
1155 3327 1322 3409 quod
1352 3346 1430 3391 ex
1471 3325 1802 3391 vocabulis
1852 3326 2364 3409 ,eleemosynae‘,
2416 3328 2700 3404 ,diaboli‘

375 3425 656 3508 colligaS,
716 3431 846 3496 nisi
909 3439 1100 3513 putes
1158 3433 1316 3498 haec
1377 3433 1770 3513 interpolata
1829 3436 2033 3517 esse).
2096 3433 2275 3512 Quae
2324 3440 2703 3516 argumenta

371 3519 944 3616 comprehendenti
1041 3539 1363 3620 suspicari
1445 3538 1600 3604 licet
1673 3539 1824 3604 olim
1898 3539 1990 3619 ,L.
2070 3542 2320 3607 Annaei
2394 3542 2705 3609 Senecae‘

370 3640 607 3706 librum
653 3643 732 3706 de
782 3643 1069 3708 moribus
1119 3652 1294 3709 recte
1343 3645 1727 3726 inscriptum
1773 3645 2012 3724 fuisse,
2078 3649 2440 3731 posteriore
2488 3657 2703 3714 autem

373 3749 661 3829 tempore
711 3749 951 3814 multas
1001 3751 1366 3815 sententias
1416 3770 1495 3815 ex
1530 3751 1801 3817 aliorum
1847 3755 2132 3820 virorum
2183 3754 2368 3819 libris
2418 3762 2707 3834 sumptas

374 3851 627 3935 illisque
677 3855 966 3920 adiectas
1019 3875 1184 3922 esse.

551 3961 681 4026 Sed
727 3968 801 4026 ut
847 3963 928 4027 ad
977 3983 1116 4028 rem
1163 3964 1560 4046 propositam
1609 3974 2053 4048 revertamur,
2120 3966 2363 4049 aliquot
2411 3964 2712 4048 exempla

370 4067 808 4150 proferemuS,
869 4071 1104 4150 quibus
1178 4071 1466 4154 singulas
1542 4075 1901 4139 sententias
1970 4074 2076 4139 vel
2153 4073 2549 4154 negligentia
2606 4070 2711 4138 vel

370 4175 636 4239 inscitia
682 4171 936 4240 librarii
984 4177 1352 4257 distractas,
1415 4184 1645 4261 postea
1690 4185 1907 4245 autem
1956 4179 2158 4271 plane
2221 4184 2501 4246 mutatas
2562 4197 2709 4244 esse

372 4278 569 4352 facile
617 4280 897 4364 intelligi
943 4283 1208 4366 poterit

2360 4387 2397 4442 3

2556 4712 2701 4830 ,A
