3209 4884
524 260 616 332 20

700 439 778 526 2)
826 441 899 507 In
946 440 999 505 P
1047 440 1174 506 etsi
1221 438 1393 505 haud
1441 439 1631 521 pauci
1696 438 1823 508 loci
1884 438 1994 505 alii
2044 440 2123 504 de
2172 438 2523 519 industria,
2587 439 2700 506 alii
2745 459 2866 522 per

524 549 884 616 socordiam
917 548 1339 614 scribentium
1388 554 1452 613 et
1480 547 1652 630 quod
1688 548 1768 613 ad
1804 547 2202 613 sententiam
2236 553 2302 612 et
2338 549 2509 630 quod
2546 549 2627 614 ad
2664 548 2863 614 verba

527 653 784 736 attinet,
832 655 1119 736 corrupti
1156 659 1330 734 sunt,
1377 654 1596 738 magni
1644 657 1865 719 tamen
1912 652 2107 734 pretii
2160 659 2263 718 est
2310 654 2416 721 hic
2464 654 2650 736 liber,
2695 655 2863 738 quod

529 762 708 828 solus
773 760 1307 844 philosophorum
1366 760 1631 826 nomina
1690 765 1759 828 et
1818 760 2130 826 maiorem
2194 778 2536 828 numerum
2602 767 2865 829 senten-

527 869 766 935 tiarum
814 886 1003 951 quam
1052 868 1095 934 S
1143 868 1426 934 exhibet.

705 971 782 1054 3)
831 973 1181 1040 Lectiones
1230 972 1382 1039 libri
1421 973 1488 1038 M
1537 972 1943 1039 Salmasiano
1992 974 2253 1056 quidem
2283 971 2577 1040 bonitate
2602 975 2866 1058 cedunt,

531 1100 659 1147 non
707 1098 969 1162 semper
1013 1081 1350 1157 Parisin0‚
1415 1080 1764 1162 aliquoties
1826 1086 2043 1147 autem
2093 1081 2461 1148 sententiae
2509 1077 2670 1144 adeo
2731 1080 2866 1145 dis-

535 1191 783 1254 tractae
845 1194 1036 1270 atque
1096 1187 1530 1270 interpolatae
1591 1192 1775 1262 sunt,
1857 1194 1934 1253 ut
1985 1206 2180 1254 verus
2243 1205 2477 1254 sensus
2540 1205 2669 1251 non
2736 1187 2867 1252 iam

529 1295 740 1381 possit
787 1294 954 1362 elici.
2510 1345 2517 1354 .

706 1402 776 1488 4)
841 1402 1015 1468 Artis
1065 1402 1331 1468 criticae
1379 1401 1541 1467 haec
1590 1403 1719 1466 erit
1762 1400 1869 1466 lex
1918 1407 1985 1466 et
2031 1418 2285 1483 norma,
2347 1403 2421 1466 ut
2468 1401 2676 1481 primo
2726 1398 2869 1464 loco

541 1509 743 1575 codex
793 1507 874 1588 S,
933 1507 1045 1573 ubi
1103 1507 1210 1573 hic
1257 1506 1513 1581 deficit,
1579 1514 1648 1572 et
1693 1509 1742 1572 P
1790 1515 1857 1573 et
1905 1506 1969 1571 M
2032 1525 2239 1588 aequo
2308 1507 2484 1583 iure,
2550 1506 2666 1572 sed
2725 1524 2873 1572 cum

538 1618 798 1706 ratione
846 1619 1038 1698 atque
1087 1613 1328 1680 iudicio
1375 1614 1729 1680 adhibendi
1778 1615 1929 1681 sint.

713 1722 787 1806 5)
835 1720 1212 1792 Verisimile
1239 1726 1343 1787 est
1381 1739 1606 1786 omnes
1632 1723 1887 1788 codices
1914 1742 1994 1788 ex
2030 1741 2159 1788 uno
2200 1723 2549 1804 archetypo
2581 1719 2871 1799 fluxisse,
2904 1733 2909 1736 ·

534 1848 614 1896 ex
659 1847 783 1911 quo
830 1827 1070 1910 duplex
1129 1826 1276 1893 fons
1327 1829 1688 1894 emanavit:
1747 1829 1915 1894 alter
1963 1829 2135 1894 enim
2183 1833 2285 1894 est
2332 1827 2471 1906 ille,
2523 1846 2603 1891 ex
2651 1844 2778 1907 quo
2829 1827 2871 1890 S

532 1943 600 2002 et
643 1937 694 2000 P
739 1935 1017 2017 profecti
1065 1938 1246 2013 sunt,
1295 1933 1404 2015 qui
1452 1940 1518 2000 et
1563 1934 1691 2018 ipsi
1737 1935 1864 2001 iam
1911 1936 2161 2018 pridem
2211 1935 2279 2000 in
2313 1934 2603 2000 diversas
2651 1936 2874 2014 partes

533 2042 874 2117 abierunt3
955 2041 1125 2106 alter
1190 2040 1336 2123 ille,
1400 2059 1477 2105 ex
1525 2058 1651 2122 quo
1709 2042 1967 2107 codices
2036 2041 2101 2104 M
2152 2045 2220 2105 et
2264 2062 2320 2104 π
2377 2040 2667 2105 derivati·
2701 2046 2872 2108 sunt.

533 2148 712 2214 Haec
753 2147 966 2230 placet
991 2147 1320 2214 illustrare
1365 2148 1485 2212 hoc
1533 2145 1843 2213 artificio:

1599 2273 1823 2328 Archet.

1199 2670 1496 3150 ss

1496 3123 1555 3176 P

1794 3225 2188 3499 A„

725 3554 795 3643 6)
860 3558 1160 3641 Denique
1211 3566 1424 3642 patet,
1490 3565 1563 3626 ut
1624 3561 1898 3642 quisque
1966 3555 2168 3622 codex
2229 3551 2315 3614 sit
2361 3545 2874 3620 recentissimUS,

546 3664 642 3730 ita
688 3666 964 3730 maxime
1015 3668 1373 3732 sententias
1423 3666 1836 3746 discrepare3
1897 3665 2115 3742 itaque
2165 3673 2294 3720 non
2343 3659 2443 3719 est
2490 3652 2877 3731 mirandum,

547 3771 605 3837 si
651 3770 762 3837 illo
809 3775 1139 3854 tempore,
1189 3773 1357 3854 quod
1407 3774 1580 3838 inter
1627 3772 1745 3836 hos
1796 3768 2051 3835 codices
2114 3769 2179 3826 et
2225 3760 2503 3842 primum
2554 3757 2882 3840 exemplar

553 3881 656 3943 est
700 3877 1150 3955 interiectum,
1200 3878 1412 3944 factae
1461 3877 1995 3958 interpolationes
2046 3866 2377 3933 difficilius
2425 3867 2700 3948 possunt
2773 3865 2880 3929 de-

547 3985 700 4065 tegi.
794 3984 1020 4067 Neque
1080 3987 1294 4051 minus
1370 3985 1783 4066 perspicuum
1849 3985 1951 4044 est
2023 3976 2447 4058 paucissimas
2522 3975 2881 4040 sententias

549 4092 615 4157 in
665 4091 994 4158 codicibus
1041 4092 1133 4158 ita
1172 4111 1320 4160 esse
1355 4090 1687 4167 formatas,
1735 4093 1809 4153 ut
1852 4088 1921 4151 in
1967 4084 2179 4164 libris,
2231 4103 2311 4149 ex
2345 4081 2582 4165 quibus
2612 4078 2882 4144 haustae

549 4206 720 4278 sunt,
768 4199 1050 4266 fuerunt.
