3209 4884
2286 215 2332 232 00
2380 215 2396 230 0
2460 209 2507 225 e·
2562 211 2579 226 ο
2643 211 2660 226 ο
2692 207 2709 224 0
2770 205 2788 223 Ο

2350 231 2367 243 Ω
2412 230 2427 247 0
2518 229 2532 242 ¹⁰
2563 227 2605 258 ,·
2643 241 2661 255 .
2690 239 2707 251 o
2765 237 2802 252 ’.ἢ

2419 261 2435 278 0
2514 254 2531 268 ⁸
2564 273 2581 288 0
2607 259 2663 297 ’.ο
2692 266 2709 280 ο
2746 264 2815 294 ¹..

631 473 756 556 Qui
811 459 1057 538 somnia
1115 467 1377 539 sollicite
1430 475 1728 554 narrant,
1789 461 2121 555 viyilantes
2162 463 2417 556 quoque
2440 475 2778 544 somniant.

447 582 489 649 S
533 601 595 664 p.
645 578 797 648 228.
858 581 908 644 Ρ
957 578 1000 645 f.
1051 578 1226 646 21¹².
1323 580 1520 658 Vide,
1585 599 1774 660 quam
1824 579 2060 645 similia
2103 579 2304 644 verba
2350 581 2488 647 sint
2524 601 2621 665 ep.
2672 583 2779 664 53,

445 688 521 757 8:
571 689 926 768 ‚Somnium
989 706 1255 754 narrare
1313 687 1641 766 vigilantis
1706 693 1847 752 est‘.

619 794 880 878 Diynus
925 794 1040 859 tibi
1083 795 1308 876 videre,
1355 812 1562 860 coram
1607 813 1725 874 quo
1766 798 1823 859 te
1865 813 2111 878 peccare
2141 792 2389 876 pudeat.
2464 794 2505 861 S
2540 815 2601 878 p.
2627 795 2779 865 227.

448 903 564 984 Ep.
597 901 701 985 25,
741 901 784 968 7
831 903 1022 983 ,Dum
1071 908 1133 967 te
1186 899 1428 967 efficies
1478 919 1645 978 eum,
1696 919 1840 964 cum
1876 916 2000 980 quo
2039 917 2311 979 peccare
2345 919 2469 964 non
2504 904 2777 969 audeas:

453 1029 588 1076 cum
620 1010 740 1074 hoc
779 1007 1096 1086 effeceriS‚
1146 1017 1213 1074 et
1243 1008 1459 1089 aliqua
1497 1011 1787 1088 coeperit
1817 1005 1988 1087 apud
2023 1009 2087 1070 te
2130 1007 2220 1070 tui
2261 1026 2407 1072 esse
2443 1009 2775 1092 dignatio‘.

625 1115 817 1180 Nihil
863 1115 979 1181 tibi
1023 1114 1408 1180 commiseris
1425 1162 1441 1190 ,
1489 1113 1620 1176 nisi
1666 1111 1827 1194 quod
1872 1111 2243 1176 committere
2287 1114 2477 1178 etiam
2522 1116 2776 1184 inimico

443 1227 550 1288 tuo
611 1221 836 1307 possis,
929 1222 979 1285 P
1038 1219 1081 1286 f.
1135 1219 1309 1286 17¹³.
1415 1220 1595 1299 Quae
1659 1218 1889 1282 iisdem
1957 1217 2177 1282 verbis
2254 1222 2499 1300 scripta
2562 1232 2776 1293 exstat

450 1349 552 1411 ep.
606 1326 667 1407 3,
716 1327 794 1394 3:
862 1327 981 1408 ‚Tu
1027 1328 1288 1410 quidem
1333 1331 1429 1392 ita
1475 1328 1655 1410 vive,
1706 1332 1778 1390 ut
1828 1324 1986 1389 nihil
2033 1324 2152 1388 tibi
2202 1327 2600 1406 committaS,
2650 1333 2780 1398 nisi

452 1436 620 1518 quod
701 1437 1104 1502 committere
1181 1435 1376 1500 etiam
1449 1434 1709 1499 inimico
1768 1437 1880 1496 tuo
1958 1431 2209 1513 possis‘.

621 1539 944 1605 Mundum
968 1537 1230 1605 'deorum
1261 1543 1559 1626 templum
1588 1545 1748 1625 puta
1782 1543 1840 1604 et
1865 1541 2185 1618 tamquam
2218 1537 2289 1603 in
2326 1541 2617 1625 reliyioso
2654 1544 2781 1610 loco

443 1647 781 1713 modestius
825 1647 972 1712 vive.
1049 1647 1096 1710 P
1136 1645 1178 1711 f.
1211 1645 1385 1713 21⁸.
1437 1647 1621 1712 Hanc
1670 1646 1863 1712 credo
1911 1645 2003 1709 ita
2052 1664 2131 1710 ex
2179 1649 2452 1728 septimo
2494 1650 2660 1717 libro
2698 1653 2778 1718 de

445 1753 778 1820 beneficiis
841 1757 969 1836 (cp.
1021 1751 1091 1834 7,
1151 1752 1222 1834 3)
1289 1762 1658 1835 excerptam
1722 1772 1901 1830 esse,
1965 1758 2038 1816 ut
2095 1755 2418 1834 posterior
2478 1777 2627 1840 pars
2692 1761 2775 1826 ad

447 1867 792 1944 praecepta
824 1861 1194 1927 Christiana
1234 1861 1711 1926 accommodata
1744 1860 1872 1924 sit:
1912 1858 2051 1934 ,Hic
2096 1865 2525 1941 respondetur
2564 1867 2780 1931 omnia

447 1967 706 2048 quidem
773 1967 1042 2032 deorum
1106 1984 1292 2044 esse,
1357 1967 1473 2032 sed
1535 1986 1666 2032 non
1732 1969 1949 2033 omnia
1996 1968 2095 2040 dis
2147 1969 2445 2036 dedicata
2495 2023 2507 2037 .
2559 1974 2623 2037 in
2676 1975 2775 2040 his

446 2073 779 2138 observari
830 2072 1264 2155 sacrilegium,
1315 2092 1481 2155 quae
1531 2073 1763 2154 religio
1816 2075 2060 2138 numini
2110 2074 2459 2158 adscripsit
2505 2125 2519 2140 .
2568 2079 2661 2144 sic
2710 2089 2777 2145 et

445 2189 653 2245 totum
713 2179 1023 2244 mundum
1085 2181 1351 2246 deorum
1413 2199 1558 2247 esse
1625 2181 2080 2246 immortalium
2144 2182 2486 2264 templum,
2566 2186 2775 2252 solum

448 2288 707 2368 quidem
757 2287 1180 2368 amplitudine
1230 2287 1487 2351 illorum
1529 2306 1602 2352 ac
1635 2286 2053 2368 magnificent
2080 2307 2117 2352 a
2152 2289 2413 2370 dignuin
2449 2300 2515 2356 et
2559 2300 2775 2358 tamen

443 2412 482 2458 a
527 2397 732 2459 sacris
782 2392 1055 2474 profana
1102 2393 1384 2459 discerni
1435 2403 1501 2459 et
1548 2412 1673 2458 non
1726 2396 1941 2462 omnia
1986 2393 2183 2459 licere
2234 2397 2299 2460 in
2348 2399 2617 2480 angulo,
2670 2402 2775 2466 cui

449 2501 584 2566 fani
670 2521 901 2568 nomen
955 2501 1323 2583 impositum
1391 2506 1524 2579 est,
1592 2519 1759 2583 quae
1828 2501 1949 2565 sub
2032 2501 2214 2566 coelo
2282 2512 2349 2568 et
2424 2513 2773 2589 conspectu

453 2609 735 2673 siderum
781 2609 1026 2674 licent‘.
1121 2606 1220 2674 Cf.
1253 2627 1353 2690 ep.
1390 2607 1498 2690 90,
1530 2605 1654 2673 526:
1706 2608 1905 2684 ,Haec
1955 2609 2095 2674 eius
2142 2611 2566 2679 incitamenta
2601 2624 2774 2696 sunt,

445 2734 564 2796 per
609 2734 774 2799 quae
823 2735 952 2782 non
1000 2715 1387 2798 municipale
1435 2733 1709 2790 sacrum,
1761 2715 1877 2780 sed
1909 2715 2139 2796 ingens
2174 2717 2442 2784 deorum
2487 2723 2775 2790 omnium

450 2821 781 2902 templum,
832 2822 1108 2891 mundus
1156 2823 1321 2904 ipse,
1369 2830 1721 2910 reseratur,
1772 2823 1955 2887 cuius
1989 2841 2144 2888 vera
2178 2823 2527 2892 simulacra
2557 2847 2776 2896 veras-

453 2947 580 3010 que
625 2929 824 3015 facies
884 2931 1242 2997 cernendas
1305 2930 1631 2997 mentibus
1681 2929 1992 3012 protulit‘.

633 3035 787 3102 Vota
819 3039 1038 3122 palam
1081 3036 1481 3122 suscipienda
1512 3041 1692 3112 sunt3
1741 3041 1979 3118 quanta
2009 3041 2102 3102 est
2130 3037 2295 3104 enim
2329 3039 2637 3107 dementia
2667 3043 2778 3109 deo

445 3141 663 3223 dicere,
709 3143 874 3228 quod
912 3143 1219 3209 hominem
1249 3145 1472 3210 audire
1511 3145 1701 3209 noles
1770 3145 1817 3208 P
1856 3143 1901 3212 f.
1932 3142 2021 3210 22
2047 3155 2115 3214 ⁸-.
2178 3145 2424 3212 Eadem
2452 3152 2779 3216 sententia

444 3253 770 3335 reperitur
799 3253 866 3316 in
915 3251 1101 3333 epist.
1143 3250 1247 3326 10,
1279 3250 1356 3318 5:
1406 3253 1667 3330 ‚Verum
1700 3256 1833 3332 est,
1882 3252 2053 3333 quod
2080 3253 2251 3333 apud
2291 3254 2779 3324 Athenodorum

444 3359 699 3425 inveni:
743 3357 922 3422 Tunc
971 3359 1132 3423 scito
1179 3363 1245 3423 te
1293 3358 1590 3425 omnibus
1642 3360 2106 3442 cupiditatibus
2156 3361 2458 3437 solutum,
2508 3383 2651 3430 cum
2702 3385 2779 3432 eo

442 3465 842 3548 perveneris,
877 3470 951 3529 ut
979 3464 1138 3529 nihil
1168 3464 1358 3530 deum
1394 3483 1604 3547 rogeS,
1642 3467 1773 3532 nisi
1814 3466 1983 3549 quod
2016 3486 2249 3550 rogare
2280 3469 2491 3550 possis
2520 3471 2734 3552 palam
2764 3522 2778 3537 .

445 3591 616 3638 nunc
680 3573 855 3650 enim
913 3576 1156 3654 quanta
1217 3571 1545 3636 dementia
1609 3578 1709 3637 est
1754 3572 2121 3639 hominum!
2187 3575 2569 3656 turpissima
2627 3584 2781 3644 vota

449 3679 548 3743 dis
596 3680 1048 3744 insusurrant:
1113 3677 1170 3742 si
1218 3677 1362 3758 quis
1411 3677 1773 3744 admoverit
1820 3699 2075 3762 aurem,
2136 3684 2597 3750 conticescent.
2690 3685 2778 3750 Et

449 3763 619 3861 quod
680 3785 848 3849 scire
909 3785 1231 3850 hominem
1289 3782 1546 3862 nolunt,
1607 3785 1729 3850 deo
1789 3792 2081 3853 narrant.
2196 3789 2360 3856 Vide
2426 3808 2619 3872 erge,
2691 3809 2775 3857 ne

450 3885 571 3950 hoc
618 3891 902 3970 praecipi
951 3893 1298 3958 salubriter
1347 3891 1589 3974 possit:
1641 3891 1744 3958 Sic
1790 3895 1937 3960 vive
1987 3914 2131 3960 cum
2176 3895 2566 3976 hominibUS,
2610 3901 2778 3962 tam·-

450 4009 641 4074 quam
689 3991 850 4058 deus
896 3997 1144 4077 videat3
1213 4000 1304 4065 sic
1363 4000 1630 4081 loquere
1690 4020 1834 4067 cum
1889 4001 2042 4083 dee,
2103 4007 2433 4084 tamquam
2478 4001 2777 4071 homines

446 4097 758 4166 audiant‘.
853 4099 950 4165 Cf.
1001 4101 1081 4166 de
1126 4104 1342 4171 benef.
1391 4105 1454 4187 2,
1504 4104 1565 4187 1,
1611 4107 1675 4172 4.
