3209 4884
1379 1047 1653 1168 Caput
1718 1049 1798 1142 ll.

601 1316 916 1396 Quoniam
964 1333 1163 1397 supra
1209 1315 1289 1381 de
1337 1316 1699 1394 codicibuS,
1750 1316 1829 1382 de
1878 1315 2069 1381 titulo
2115 1315 2352 1394 libelli,
2410 1316 2490 1383 de
2539 1315 2745 1397 philo-

321 1449 325 1452 ·
419 1422 764 1505 sophorum
811 1423 1209 1504 nominibuS,
1259 1424 1492 1506 quibus
1541 1423 1907 1488 sententiae
1956 1422 2361 1501 tribuuntur,
2411 1424 2490 1486 de
2538 1424 2746 1488 inter-

418 1528 887 1613 polationibuS,
961 1531 1041 1596 de
1102 1530 1330 1594 ordine
1392 1549 1464 1595 ac
1527 1548 1799 1595 numero
1866 1548 2089 1617 earum
2156 1528 2558 1611 disputatum
2627 1535 2747 1620 est,

418 1643 650 1717 restat,
695 1642 771 1703 ut
816 1637 938 1702 hoc
985 1637 1194 1718 capite
1234 1638 1598 1703 sententias
1640 1638 1815 1718 ipsas
1843 1641 2221 1714 tractemus,
2268 1653 2429 1717 quas
2458 1635 2751 1704 Senecae

420 1745 803 1827 philosopho
852 1745 1203 1811 collatione
1252 1745 1393 1808 eius
1440 1742 1757 1809 librorum
1804 1743 2109 1807 instituta
2155 1742 2543 1809 addicendas
2602 1762 2752 1810 esse

424 1852 632 1917 credo.
735 1852 876 1930 Qua
935 1851 1001 1916 in
1063 1873 1134 1918 re
1195 1853 1366 1920 hunc
1429 1854 1723 1919 ordinem
1783 1853 2053 1930 tenebo,
2123 1859 2195 1918 ut
2264 1853 2544 1934 primum
2604 1852 2753 1921 illas

424 1958 813 2040 examinem,
877 1978 1040 2041 quae
1089 1961 1287 2026 rebus
1334 1966 1401 2025 et
1447 1960 1813 2042 praeceptis
1870 1979 2013 2026 cum
2072 1961 2415 2041 disciplina
2466 1961 2755 2027 Senecae

423 2073 806 2147 congruunt,
855 2068 1088 2133 deinde
1140 2086 1271 2147 eaS,
1321 2087 1485 2150 quae
1525 2068 1837 2134 orationis
1885 2068 2111 2133 habitu
2160 2075 2350 2149 atque
2401 2067 2615 2133 colore
2653 2068 2753 2132 vel

421 2174 692 2256 singulis
721 2175 1047 2240 vocabulis
1076 2177 1499 2242 Annaeanum
1547 2175 1805 2241 dicendi
1853 2192 2058 2254 genus
2106 2173 2421 2251 redolent,
2472 2175 2753 2256 denique

419 2281 584 2360 illas,
633 2299 793 2363 quas
843 2281 1233 2348 crediderim
1281 2282 1418 2347 sive
1466 2282 1545 2347 ad
1594 2280 1865 2347 verbum
1918 2279 2056 2347 sive
2093 2279 2423 2362 paululum
2471 2286 2751 2346 mutatas

421 2407 503 2454 ex
553 2388 846 2455 Senecae
896 2386 1080 2452 libris
1129 2405 1277 2452 esse
1327 2389 1729 2469 desumptas,

555 2497 646 2560 Ac
712 2495 990 2576 primum
1055 2494 1317 2575 quidem
1379 2513 1508 2560 non
1566 2512 1813 2576 paucae
1874 2495 2297 2560 inveniuntur
2362 2493 2757 2570 sententiae,

420 2620 621 2684 quae,
687 2605 765 2667 ut
807 2600 1230 2682 philosophus
1279 2619 1424 2666 cum
1488 2602 1553 2666 in
1602 2602 1841 2667 ceteris
1890 2600 2075 2666 libris
2138 2606 2275 2666 tum
2339 2601 2405 2667 in
2457 2600 2756 2682 epistulis

423 2709 560 2774 suis
609 2708 688 2773 de
737 2707 1036 2774 omnibus
1078 2706 1220 2773 fere
1267 2708 1498 2782 rebus,
1549 2727 1713 2790 quae
1763 2708 1843 2773 ad
1891 2725 2105 2772 mores
2154 2713 2470 2789 spectant,
2520 2708 2758 2772 iterum

427 2818 618 2894 atque
665 2815 900 2880 iterum
950 2815 1253 2896 disserit,
1301 2815 1394 2881 ita
1440 2822 1507 2880 et
1551 2817 1731 2896 ipsae
1782 2834 2037 2881 omnem
2086 2815 2164 2880 de
2212 2814 2503 2879 moribus
2550 2812 2759 2894 philo-

427 2920 716 2999 sophiam
764 2921 1280 3004 complectuntur
1329 2929 1399 2987 et
1444 2941 1589 2988 cum
1640 2922 1929 2987 Senecae
1993 2921 2359 3002 praeceptis
2408 2919 2639 2985 mirum
2689 2920 2756 2984 in

425 3025 687 3091 modum
733 3029 1134 3094 concordant.
1239 3029 1328 3095 Ut
1353 3035 1570 3094 autem
1593 3027 1960 3108 nonnullaS,
2008 3029 2241 3109 quibus
2289 3028 2369 3092 de
2419 3029 2757 3091 senectute

425 3139 491 3198 et
537 3132 621 3198 de
669 3137 874 3198 morte
921 3137 1153 3217 agitur,
1200 3153 1717 3212 commemorem,
1767 3135 2071 3214 leguntur
2115 3134 2272 3199 hae:

609 3239 779 3321 Quid
844 3246 1100 3306 mortem
1164 3243 1346 3308 times
1364 3240 1399 3305 ἓ
1481 3241 1641 3323 quid
1698 3246 2061 3306 senectutem
2077 3239 2113 3304 ‚2
2186 3239 2409 3306 cotidie
2469 3239 2754 3316 senescis,

421 3347 646 3412 cotidie
687 3349 969 3414 moreris
1054 3348 1095 3414 S
1143 3367 1206 3429 p.
1253 3346 1406 3415 226.
1499 3347 1685 3424 Vide,
1736 3365 1925 3430 quam
1975 3347 2280 3414 similiter
2317 3345 2566 3412 Seneca
2602 3347 2759 3412 scri-

423 3452 536 3519 bat
581 3473 680 3536 ep.
729 3454 835 3530 30,
888 3454 1005 3521 10:
1059 3455 1138 3533 ,Is
1186 3453 1277 3519 ait
1322 3453 1595 3518 stultum
1645 3472 1792 3519 esse
1829 3454 1938 3536 qui
1987 3463 2257 3519 mortem
2298 3455 2528 3518 timeat
2569 3473 2760 3536 quam

420 3561 531 3642 qui
580 3567 1030 3626 senectutem‘.
1127 3560 1398 3642 Saepius
1447 3566 1670 3626 autem
1718 3562 1936 3626 verbis
1989 3561 2246 3640 ,cotidie
2295 3562 2479 3626 mori‘
2528 3564 2755 3641 utitur,

421 3675 495 3732 ut
543 3686 643 3747 ep.
697 3666 754 3741 1,
804 3666 867 3734 2.
917 3669 1023 3747 24,
1072 3667 1177 3737 20.
1227 3667 1332 3745 58,
1381 3666 1486 3734 23.
1538 3669 1635 3734 De
1686 3672 2027 3735 senectute
2076 3667 2154 3733 cf.
2203 3687 2304 3750 ep.
2330 3667 2434 3736 26.

605 3771 766 3836 Cum
811 3794 969 3838 onus
1013 3795 1143 3841 esse
1186 3775 1552 3858 coyitaveris
1595 3780 1961 3840 senectutem
1981 3826 1996 3854 ,
2043 3777 2243 3858 coyita
2284 3780 2491 3841 votum
2532 3775 2757 3856 fuisse.

429 3874 472 3940 S
522 3893 586 3955 p.
631 3875 783 3943 226.
876 3882 1208 3948 Vocabula
1259 3889 1461 3961 ,onus‘
1531 3890 1598 3946 et
1658 3885 1918 3962 ,votum‘
1986 3884 2211 3947 eodem
2262 3901 2461 3948 sensu
2511 3880 2765 3947 Seneca

425 3980 507 4046 ad
555 3991 961 4052 senectutem
1011 3989 1243 4066 refert,
1304 3991 1690 4070 praesertim
1741 3991 1850 4054 ubi
1900 4009 2001 4070 ep.
2049 3988 2169 4067 26,
2218 3989 2291 4054 2·
2328 3991 2409 4054 de
2458 4006 2615 4053 sene
2664 3987 2760 4051 di-

426 4089 632 4153 citur:
686 4106 999 4169 ,magnam
1060 4103 1308 4176 partem
1358 4097 1578 4162 oneris
1642 4099 1742 4162 sui
1791 4098 2029 4178 posuit*
2095 4106 2163 4161 et
2220 4097 2369 4161 dial.
2419 4094 2481 4162 2.
2536 4093 2636 4167 17,
2684 4091 2760 4157 2:

427 4199 859 4273 ,senectutem
907 4201 1164 4281 quidam
1227 4204 1413 4270 inviti
1479 4204 1753 4270 audiunt
1802 4210 1868 4268 et
1914 4204 2077 4268 alios
2126 4208 2195 4268 et
2240 4202 2397 4281 alia,
2467 4202 2547 4266 ad
2596 4215 2761 4280 quae

425 4306 573 4368 voto
619 4307 1045 4385 pervenitur.‘
