3209 4884
482 291 574 365 36

483 473 672 541 illius
714 475 1019 542 occasioni
1065 475 1263 542 locum
1306 475 1536 553 captat.
1610 470 1653 538 S
1689 491 1749 555 p.
1783 468 1933 538 222.
1980 473 2033 537 Ρ
2080 472 2308 542 f.19·.
2378 472 2477 540 of.
2509 474 2589 541 de
2629 475 2725 542 ira
2756 471 2817 551 1,

488 579 591 658 11,
632 580 703 647 1:
755 583 876 662 ‚ira
913 581 1239 648 denudat‘.

674 689 968 773 Quotiens
1012 686 1236 754 scribis
1281 686 1534 770 aliquid
1577 685 1893 761 editurus,
1954 685 2108 750 scito
2166 690 2224 750 te
2269 705 2525 752 morum.
2574 693 2822 757 tuorum

477 797 716 880 populo
759 794 1238 880 chiroyraphum
1283 793 1453 862 dare.
1547 795 1596 860 P
1646 792 1691 859 f.
1729 792 1817 859 22
1844 804 1905 860 ⁸.
2001 793 2581 876 ,Chirographum‘,
2652 798 2822 880 quod

489 904 756 985 quidem
802 903 1029 970 Cicero
1078 902 1320 987 aliique
1370 902 1633 982 saepius
1682 901 2108 983 scripserunt,
2172 900 2371 966 verbo
2419 899 2620 967 dandi
2667 923 2819 970 con-

494 1009 813 1089 iunctam,
883 1009 1126 1091 legitur
1197 1008 1274 1074 de
1345 1006 1560 1077 benef.
1611 1007 1686 1087 2,
1746 1005 1862 1083 23,
1922 1005 1998 1074 2:
2073 1007 2589 1090 ‚chirographum
2640 1011 2817 1076 dare‘

497 1111 610 1196 (cf.
661 1132 760 1194 ep.
811 1112 915 1191 94,
967 1114 1090 1182 51;
1140 1115 1244 1194 ,ad
1289 1114 1404 1181 illa
1449 1113 1810 1180 reformare
1859 1112 2435 1195 chirographum‘).

667 1218 828 1288 Tam
871 1220 1072 1288 dolori
1116 1220 1440 1304 indulgere
1485 1225 1668 1302 turpe
1710 1224 1803 1285 est
1847 1239 2039 1302 quam
2077 1219 2405 1302 voluptati.
2493 1220 2546 1284 P
2593 1218 2621 1285 f
2654 1217 2739 1286 23
2772 1231 2815 1284 ²².

487 1324 760 1392 Locutio
820 1329 1158 1411 ,voluptati
1220 1327 1576 1408 indulgere‘
1638 1329 1885 1410 scripta
1944 1337 2046 1392 est
2102 1345 2201 1408 ep.
2265 1325 2424 1404 111,
2477 1325 2599 1394 10:
2676 1327 2817 1405 ,Ad-

489 1430 768 1498 diximus
839 1437 1125 1502 animum
1191 1434 1543 1518 voluptati,
1614 1434 1717 1502 cui
1788 1433 2124 1514 indulgere
2202 1431 2458 1498 initium
2533 1435 2819 1500 omnium

487 1535 803 1606 malorum
854 1544 997 1607 est‘.
2080 1559 2085 1563 ·

654 1643 940 1713 Tantum
995 1647 1084 1712 ad
1137 1650 1430 1714 virtutem
1489 1647 1753 1728 adicies,
1816 1653 2124 1730 quantum
2180 1669 2259 1715 ex
2332 1651 2645 1732 voluptate
2719 1648 2826 1716 de-

486 1752 781 1817 traoeeris.
874 1754 927 1819 P
973 1754 1018 1820 f.
1049 1754 1226 1824 20¹³.
1309 1756 1627 1822 Similiter
1670 1755 1912 1822 adicere
1960 1760 2026 1822 et
2068 1755 2393 1822 detrahere
2438 1757 2568 1822 sibi
2617 1776 2818 1841 oppo-

486 1864 730 1924 nuntur
775 1878 877 1942 ep.
924 1859 1031 1941 21,
1080 1861 1154 1929 72
1219 1863 1381 1944 ,Non
1426 1863 1745 1945 pecuniae
1792 1862 2232 1938 adiciendum,
2296 1863 2412 1929 sed
2479 1866 2824 1949 cupiditati

489 1962 960 2033 detrahendum
1011 1972 1157 2035 est‘.

644 2072 870 2144 ,Tanto
911 2076 1142 2142 melius
1186 2080 1279 2141 est
1321 2093 1446 2140 non
1489 2075 1929 2158 concupiscere,
1978 2078 2209 2157 quanto
2264 2075 2463 2140 tutior
2519 2080 2611 2141 est
2666 2077 2830 2158 freto

477 2181 723 2258 portus.
821 2181 864 2248 S
912 2201 975 2264 p.
1001 2181 1152 2249 224.
1223 2181 1320 2250 Of.
1369 2200 1466 2266 ep.
1515 2181 1622 2264 19,
1648 2182 1722 2250 3:
1776 2182 1870 2263 ‚In
1911 2181 2075 2263 freto
2119 2183 2423 2263 viximus»,
2471 2185 2829 2251 moriamur

488 2283 557 2350 in
597 2291 824 2368 portu‘.

681 2389 944 2460 Vitanda:
978 2399 1128 2461 sunt
1159 2395 1338 2473 tales,
1386 2396 1497 2478 qui
1519 2397 1676 2462 aliis
1696 2396 1920 2479 risum,
1966 2396 2124 2466 aliis
2160 2395 2461 2462 lacrimas
2480 2402 2735 2463 movent.
2756 2397 2825 2483 ¹¹³)

488 2496 541 2562 P
589 2497 635 2563 f.
661 2497 752 2567 22
777 2509 822 2568 ⁸.
899 2497 998 2567 Cf.
1025 2519 1128 2584 ep.
1155 2501 1261 2578 29,
1289 2501 1363 2568 7:
1432 2502 1717 2578 ,Moveat
1763 2504 1872 2569 ille
1912 2504 2067 2570 mihi
2113 2504 2337 2580 risum,
2388 2522 2507 2586 ego
2541 2503 2825 2572 fortasse

488 2602 585 2670 illi
633 2605 934 2674 lacrimas
981 2609 1294 2675 movebo‘.
1387 2610 1506 2692 Ep.
1559 2607 1667 2690 82,
1716 2608 1792 2683 9,;
1857 2611 2195 2691 ,morituro
2256 2609 2458 2676 risum
2522 2619 2825 2679 movere‘.

492 2707 594 2775 Cf.
634 2711 784 2777 dial.
831 2711 894 2794 9,
945 2713 1048 2791 15,
1097 2715 1172 2794 33
1221 2712 1326 2798 15,
1369 2714 1412 2780 5
1459 2716 1573 2796 (de
1621 2717 1722 2781 ira
1767 2715 1829 2791 3,
1880 2715 1983 2795 33,
2032 2715 2131 2798 4).

666 2818 963 2903 Denique
1011 2822 1244 2888 addam
1289 2828 1426 2889 tres
1473 2821 1860 2902 sententiae,
1910 2824 1977 2887 in
2026 2821 2259 2904 quibus
2290 2820 2575 2890 formula
2622 2825 2830 2892 satius

489 2929 583 2990 est
627 2923 918 2994 Senecae
966 2927 1235 2996 mirifice
1282 2930 1581 2996 adamata
1626 2929 1897 3010 legitur:

665 3033 882 3101 Iacere
925 3036 1134 3101 satius
1179 3041 1270 3102 est
1314 3056 1507 3118 quam
1550 3040 1737 3116 stare,
1785 3036 1845 3100 si
1890 3033 2008 3100 tibi
2052 3035 2398 3101 cadendum
2442 3037 2630 3115 scias,
2676 3040 2830 3121 quia

486 3140 874 3223 qravissima
905 3161 1073 3225 pars
1115 3143 1417 3226 supplicii
1464 3143 1835 3224 exspectatio
1880 3147 1990 3208 est.
2073 3143 2123 3206 P
2171 3141 2216 3208 f.
2252 3141 2341 3210 22
2367 3142 2396 3183 b
2418 3193 2433 3208 .
2520 3145 2829 3210 Extrema

490 3247 695 3312 verba
753 3248 1064 3316 habemus
1123 3250 1297 3333 apud
1347 3250 1663 3316 Senecam
1710 3249 2015 3315 similiter
2076 3251 2324 3332 scripta
2372 3251 2452 3316 de
2487 3249 2714 3318 benef.
2763 3248 2825 3330 2,

495 3350 557 3428 5,
584 3352 656 3419 3:
707 3356 1149 3436 ,Tormentum
1186 3356 1487 3422 ultimum
1518 3355 1717 3421 finem
1748 3356 1850 3421 sui
1892 3375 2113 3423 secum
2150 3356 2385 3436 adfert,
2434 3357 2603 3436 quod
2638 3361 2825 3422 ante-

493 3459 668 3526 cedit
724 3467 980 3546 tempus
1044 3463 1322 3528 maxima
1381 3463 1643 3528 venturi
1703 3462 2009 3546 supplicii
2066 3473 2266 3544 pars‘.
2358 3462 2477 3544 Ep.
2527 3460 2691 3544 105,
2751 3462 2825 3530 7:

495 3565 648 3646 ,Dat
692 3587 960 3651 poenae,
1010 3569 1304 3654 quisquis
1354 3574 1735 3651 exspectat‘.

668 3672 896 3740 Satius
940 3679 1033 3741 est
1075 3695 1355 3742 severum
1399 3676 1687 3741 animum
1713 3673 1938 3743 habere
1970 3696 2159 3759 quam
2197 3675 2461 3741 vultum.
2514 3676 2557 3742 S
2582 3696 2646 3759 p.
2672 3675 2829 3744 224.

492 3780 543 3846 Ρ
591 3778 637 3846 f.
667 3777 754 3846 19
782 3789 841 3844 ὃ.
894 3780 1210 3848 Similiter
1255 3784 1470 3849 vultus
1517 3790 1584 3848 et
1629 3783 1885 3848 animus
1914 3788 2370 3864 comparantur
2417 3781 2497 3847 de
2536 3783 2719 3849 clem.
2762 3783 2829 3864 2,

493 3886 661 3970 6‚3:
713 3888 984 3971 ,vultum
1031 3890 1292 3972 quidem
1342 3909 1461 3958 nec
1511 3891 1750 3957 deiciat
1795 3908 1915 3956 nec
1964 3890 2290 3956 animum‘.
2368 3889 2470 3956 Cf.
2501 3911 2602 3973 ep.
2630 3890 2737 3969 30,
2765 3891 2827 3959 3.

495 3995 687 4065 Mart.
735 3997 927 4062 Dum.
993 3994 1180 4062 form.
1228 3998 1378 4064 hon.
1426 4016 1484 4063 v.
1543 3997 1620 4075 4,
1669 3995 1787 4062 16:
1856 3996 2184 4075 ,Severior
2246 4001 2390 4063 esto
2454 3999 2826 4066 iudici0...

497 4119 688 4185 quam
734 4104 962 4171 vultu‘.

663 4317 718 4385 ²⁸¹)
755 4317 994 4372 Verbum
1010 4319 1244 4383 movent,
1268 4315 1413 4384 quod
1435 4315 1492 4368 in
1516 4316 1700 4372 codice
1726 4316 1894 4387 deest,
1924 4333 2027 4388 ego
2052 4333 2121 4373 ex
2146 4317 2281 4372 loeis
2305 4317 2541 4372 laudatis
2567 4313 2828 4384 supplevi.
