3209 4884
508 249 598 324 22

687 432 888 499 Nemo
946 433 1078 498 nisi
1142 433 1254 514 qui
1310 433 1444 498 vult
1500 433 1685 510 vivit,
1752 453 1893 498 eum
1950 435 2114 499 mori
2183 433 2383 503 liceat.
2478 435 2523 505 S
2581 457 2644 519 p.
2692 431 2845 506 225.

511 538 756 606 Eadem
803 541 1132 606 sententia
1192 546 1294 604 est
1339 539 1405 604 in
1456 537 1710 622 ep..'71,
1758 538 1877 606 21:
1928 547 2023 614 ‚ut
2069 542 2239 608 scias
2300 542 2379 607 ad
2444 536 2859 610 moriendum‘

513 646 677 713 nihil
747 647 924 712 aliud
996 649 1060 712 in
1136 665 1318 712 mora
1375 665 1520 713 esse
1587 666 1778 729 quam
1845 645 2033 712 velle‘
2102 652 2169 712 et
2238 666 2297 731 q.
2331 668 2411 714 s.
2532 650 2851 718 Similiter

515 771 616 836 ep.
664 751 770 831 30,
823 752 924 820 10.
973 751 1077 833 54,
1125 751 1186 818 7.
1237 752 1388 819 dial.
1438 751 1500 831 6,
1560 772 1657 834 cp.
1707 751 1814 819 20.

690 859 1058 941 Numquam
1079 880 1219 926 eum
1241 861 1606 936 servaveris,
1622 862 1726 926 cui
1750 841 1911 925 mori
1934 859 2291 942 expedierit,
2312 880 2390 926 ne
2414 864 2851 931 misericordia

515 972 629 1032 tua
673 967 1014 1032 erudelitas
1057 969 1162 1033 sit.
1260 968 1302 1034 S
1349 988 1412 1050 p.
1461 965 1611 1034 206.
1671 967 1721 1032 Ρ
1771 966 1800 1032 f
1846 966 2000 1033 17⁸.
2094 967 2194 1032 De
2254 967 2470 1035 benef.
2518 967 2596 1045 2,
2638 969 2719 1051 5,
2768 970 2844 1038 3:

510 1073 956 1156 ,acerbissima
1012 1074 1364 1141 crudelitas
1431 1080 1566 1152 est,
1635 1091 1801 1156 quae
1850 1074 2052 1139 trahit
2095 1092 2403 1154 poenam,
2472 1079 2541 1140 et
2587 1075 2843 1140 miseri-

513 1182 771 1247 cordiae
819 1200 1021 1263 genus
1073 1187 1174 1248 est
1220 1184 1346 1248 cito
1395 1183 1738 1248 occidere‘.

695 1285 842 1352 Vita
904 1288 1175 1353 hominis
1238 1288 1438 1354 brevis
1501 1293 1630 1365 est,·
1703 1287 1916 1370 itaque
1985 1288 2439 1354 immortalitas
2510 1291 2603 1352 est
2678 1305 2844 1350 mors

505 1392 776 1458 honesta.
873 1395 914 1460 S
962 1413 1024 1476 p.
1074 1393 1220 1460 225.
1274 1396 1320 1458 Ρ
1371 1395 1415 1459 f.
1465 1393 1554 1460 20
1579 1392 1625 1458 ¹³.
1718 1394 1903 1460 Hanc
1952 1395 2382 1476 sententiam,
2449 1413 2613 1477 quae
2661 1393 2839 1458 inter

510 1502 870 1566 sententias
915 1502 1181 1568 Publilii
1208 1503 1375 1585 'Syri
1425 1502 1566 1580 fuit,
1616 1521 1653 1565 a
1688 1503 1920 1567 Bothio
1967 1521 2085 1584 pro
2134 1503 2358 1584 spuria
2402 1507 2578 1566 recte
2630 1501 2847 1568 eiecta.

510 1615 630 1682 est,
686 1609 972 1674 Senecae
1019 1609 1360 1674 tribuerim
1408 1615 1777 1690 comparata
1824 1628 1925 1690 ep.
1976 1609 2080 1692 71,
2132 1608 2254 1674 16:
2321 1609 2485 1686 ,Non
2538 1613 2638 1672 est
2684 1624 2843 1688 ergo

507 1715 592 1783 M.
647 1714 942 1792 CatoniS,
1017 1717 1223 1781 maius
1272 1715 1510 1782 bonum
1559 1717 1833 1781 honesta
1897 1717 2029 1780 vita
2077 1734 2265 1796 quam
2331 1733 2502 1778 mors
2552 1714 2849 1791 honesta,

503 1822 805 1902 quoniam
854 1841 981 1886 non
1032 1823 1392 1887 intenditur
1436 1825 1687 1889 virtus‘.
1785 1822 1886 1888 cf.
1940 1842 2035 1904 ep.
2094 1821 2197 1900 77,
2244 1819 2350 1887 20.
2401 1818 2507 1902 78,
2557 1818 2663 1886 27.

695 1926 775 1994 Ut
819 1930 1186 2006 moriamur,
1235 1949 1444 1994 omnes
1489 1931 1811 1996 nascimur
1826 1952 1847 2008 ;
1908 1949 2059 1994 sane
2112 1946 2281 1992 mors
2326 1927 2649 1992 hominum
2690 1927 2850 2008 finis

504 2039 637 2100 est:
699 2036 855 2117 forti
903 2036 1085 2113 levis,
1149 2038 1442 2102 servienti
1487 2044 1700 2118 optata
1716 2085 1731 2114 ,
1793 2037 1927 2102 seni
1976 2036 2071 2121 (ἓ)
2118 2035 2433 2116 optabilis,
2482 2035 2697 2099 iuveni
2746 2032 2846 2118 (ἓ)

504 2141 850 2220 inmatura,
899 2143 1068 2209 nulli
1104 2165 1226 2226 pro
1256 2166 1478 2228 mayno
1513 2147 1663 2210 bono
1700 2150 1935 2209 natura
1962 2144 2131 2208 data.
2153 2143 2219 2224 ²⁸)
2270 2144 2317 2207 P
2359 2143 2401 2206 f.
2428 2141 2515 2208 22
2542 2141 2589 2204 ¹³.
2655 2143 2843 2206 Prior

506 2265 657 2328 pars
709 2251 1075 2316 sententiae
1122 2253 1366 2332 passim
1414 2253 1476 2317 in
1507 2251 1794 2318 Senecae
1842 2251 2029 2316 libris
2066 2251 2397 2316 simillime
2425 2251 2668 2330 scripta
2700 2255 2845 2331 est3

507 2356 582 2422 cf.
613 2353 766 2419 dial.
789 2353 855 2433 6,
887 2353 1094 2435 10,5:
1143 2376 1338 2436 ,mors
1389 2359 1688 2424 nascenti
1736 2359 2121 2423 denuntiata
2168 2359 2325 2432 est‘3
2376 2355 2525 2421 dial.
2558 2351 2842 2432 9,1,13:

509 2463 726 2538 ,morti
797 2469 984 2528 natus
1058 2469 1188 2542 es‘3
1271 2484 1427 2530 rem.
1494 2464 1645 2530 fort.
1712 2464 1786 2538 2,
1862 2464 1941 2531 6;
2015 2464 2358 2544 ,Quidquid
2430 2467 2530 2528 est
2601 2468 2843 2537 natum,

506 2567 820 2647 ‚moritur‘
871 2569 986 2650 (cf.
1037 2568 1100 2649 2,
1153 2569 1207 2634 1.
1257 2569 1355 2653 2).
1449 2572 1566 2653 Ep.
1610 2571 1715 2646 99,
1763 2571 1837 2638 8:
1910 2572 2056 2646 ‚Cui
2104 2571 2283 2636 nasci
2332 2569 2626 2650 contigit,
2674 2566 2837 2632 mori

501 2678 729 2738 restat‘
791 2673 904 2754 (cf.
959 2694 1099 2758 epp.
1163 2679 1240 2756 4,
1304 2676 1365 2744 9.
1431 2677 1552 2758 22,
1607 2678 1707 2744 15.
1762 2679 1915 2754 101,
1984 2678 2113 2755 14).
2206 2679 2541 2742 Posterior
2616 2685 2837 2740 autem

500 2779 719 2845 multis
768 2784 982 2848 verbis
1032 2803 1344 2866 expressa
1393 2793 1604 2851 exstat
1652 2787 1802 2851 dial.
1852 2785 1913 2862 6,
1962 2783 2066 2862 20,
2122 2785 2187 2849 1.·
2260 2784 2335 2854 ‚0
2386 2785 2647 2864 ignaros
2702 2799 2839 2852 ma-

502 2887 713 2953 lorum
761 2908 1056 2968 suorum,
1118 2893 1350 2973 quibus
1412 2913 1535 2958 non
1597 2913 1771 2958 mors
1840 2901 1913 2956 ut
1972 2892 2287 2972 optimum
2339 2891 2677 2956 inventum
2730 2905 2840 2952 na-

502 2998 687 3060 turae
736 2996 1036 3064 laudatur
1084 3008 1659 3082 exspectaturque.
1715 3003 1851 3064 sive
1900 2998 2284 3065 felicitatem
2337 2998 2643 3073 includit,
2698 2995 2835 3056 sive

507 3103 944 3168 calamitatem
1007 3105 1299 3196 repellit,
1365 3107 1502 3171 sive
1557 3109 1930 3170 satietatem
1992 3125 2067 3170 ac
2130 3107 2583 3170 lassitudinem
2650 3101 2831 3162 senis

502 3211 836 3282 terminat,
887 3231 1022 3276 sive
1067 3215 1348 3279 iuvenile
1380 3233 1629 3288 aevum,
1680 3213 1828 3276 dum
1868 3215 2137 3278 meliora
2172 3221 2535 3295 sperantur,
2588 3209 2650 3270 in
2678 3202 2837 3270 flore

506 3316 788 3393 deducit,
839 3321 975 3385 sive
1010 3321 1377 3402 pueritiam,
1429 3328 1580 3384 ante
1620 3321 1914 3385 duriores
1948 3323 2183 3395 gradus
2229 3327 2508 3389 revocat,
2542 3313 2839 3378 omnibus

506 3421 688 3500 finis',
753 3426 973 3490 multis
1027 3427 1414 3501 remedium,
1465 3427 1853 3508 quibusdam
1901 3431 2159 3498 votum,
2229 3424 2306 3487 de
2359 3421 2572 3484 nullis
2606 3420 2837 3483 melius

505 3533 742 3598 merita
803 3551 993 3614 quam
1057 3535 1138 3599 de
1190 3536 1302 3610 iis,
1373 3535 1450 3598 ad
1503 3553 1663 3616 quos
1714 3536 1926 3606 venit,
1990 3543 2338 3613 antequam
2403 3527 2837 3591 invocaretur.

503 3638 680 3704 Haec
764 3641 1145 3706 servitutem
1219 3643 1420 3704 invito
1488 3641 1747 3705 domino
1822 3639 2129 3713 remittit,
2208 3635 2379 3698 haec
2438 3634 2840 3714 captivorum

510 3755 776 3812 catenas
823 3747 1016 3813 levat‘
1068 3752 1135 3813 et
1181 3767 1241 3830 q.
1283 3769 1336 3812 S.
1428 3749 1613 3812 Rem.
1668 3749 1815 3812 fort.
1870 3747 2037 3824 4,1:
2089 3739 2437 3822 ‚Optimum
2487 3747 2609 3818 88¹2,
2660 3747 2843 3805 ante·

678 3942 733 4006 *)
787 3941 852 3992 In
888 3943 992 3994 hae
1028 3943 1310 4009 sententia,
1349 3959 1470 3994 cum
1509 3946 1633 3994 ante
1686 3936 1963 4008 optabilis
2001 3941 2055 3989 et
2092 3935 2395 3988 immatura
2440 3935 2610 3990 dativi
2650 3935 2842 4002 desint,

501 4031 594 4098 qui
647 4029 814 4096 forti,
873 4031 1167 4097 servienti,
1223 4031 1373 4085 nulli
1407 4031 1800 4099 respondeant,
1852 4027 2019 4079 verba
2056 4025 2179 4078 seni
2226 4028 2281 4078 et
2316 4025 2512 4079 iuveni
2560 4025 2845 4080 inserenda

502 4134 622 4171 esse
659 4118 975 4171 crediderim
1013 4121 1134 4173 eoll.
1174 4121 1294 4173 Sen.
1334 4121 1458 4172 dial.
1499 4119 1550 4186 6,
1588 4118 1675 4186 20,
1714 4118 1765 4186 1,
1812 4133 1970 4186 quem
2006 4116 2185 4168 locum
2222 4115 2380 4168 modo
2419 4117 2693 4185 exscripsi,
2740 4115 2845 4166 nisi

501 4208 822 4273 praetuleris
860 4207 1067 4260 misero
1120 4209 1196 4274 (et
1231 4209 1412 4276 felici)
1467 4208 1588 4261 coll.
1629 4209 1877 4261 vincent.
1914 4206 2121 4259 Bellov.
2174 4219 2252 4272 sp.
2271 4205 2343 4256 'h.
2382 4203 2469 4273 31,
2520 4203 2621 4256 107
2680 4203 2843 4270 ,Mors

503 4294 756 4360 optabilis
791 4295 1033 4348 miseris‘.
1107 4296 1339 4366 Haereo,
1377 4315 1507 4350 num
1541 4313 1641 4366 pro
1679 4297 1905 4367 ,natura‘
1944 4295 2189 4366 ,matura‘
2225 4293 2515 4364 legendum
2550 4291 2634 4346 sit.
