3209 4884
549 341 594 416 8

555 541 788 608 pressa
841 524 1145 607 leguntur
1213 522 1636 608 (,Amicorum
1685 529 1917 591 cuncta
1983 541 2132 592 esse
2198 525 2565 594 communia
2612 523 2757 593 etc.‘
2818 529 2886 592 et

555 633 736 712 ,Post
794 632 984 699 deum
1056 632 1401 698 veritatem
1463 631 1797 698 colendam
1854 636 2059 714 etc.‘),
2137 632 2204 697 in
2268 633 2638 716 philosophi
2698 632 2882 699 libris

559 738 984 806 inveniuntur
1029 757 1237 820 neque
1288 740 1685 806 coniunctivi
1732 740 2119 806 adhortativi
2166 743 2480 821 temporis
2512 723 2884 824 praesentis

557 865 700 913 cum
724 846 1068 926 negatione
1095 846 1443 920 coniuncti,
1493 847 1720 928 quales
1771 848 1837 914 in
1887 846 2272 930 aenigmatis
2318 851 2468 911 sunt
2504 850 2645 926 (,ne
2670 856 2886 914 trans-

557 952 777 1028 silias‘,
829 970 930 1032 ,ne
977 950 1228 1030 fodias‘,
1271 972 1373 1030 ,ne
1419 953 1771 1038 ambules‘)
1821 958 1933 1019 aut
1981 953 2271 1020 Senecae
2318 951 2710 1036 placuerunt
2768 953 2883 1036 (cf.

561 1079 759 1142 supra
779 1078 926 1142 pag.
952 1059 1026 1142 4)
1058 1065 1171 1124 aut
1216 1059 1283 1124 in
1309 1061 1547 1127 ceteris
1580 1061 1925 1127 sententiis
1961 1067 2378 1142 usurpantur.
2443 1057 2705 1140 Septem
2728 1079 2885 1127 vero

563 1183 722 1248 quos
754 1171 988 1232 vocant
1015 1166 1409 1248 sapientium
1442 1167 1727 1232 dubitari
1760 1185 1893 1232 non
1931 1171 2171 1250 potest,
2201 1167 2357 1247 quin
2389 1169 2564 1231 recte
2594 1183 2666 1231 se
2692 1164 2888 1230 habe-

556 1279 670 1338 ant
694 1271 1008 1354 Cleobuli,
1033 1272 1312 1352 Solonis,
1344 1273 1603 1350 Pittaci,
1637 1273 1911 1348 Biantis
1955 1273 2294 1339 Periandri
2318 1274 2599 1338 nomina.
2660 1271 2887 1352 Neque

557 1379 728 1444 enim
764 1378 968 1444 solum
1015 1379 1425 1461 paucissimis
1474 1379 1689 1447 verbis
1736 1379 2074 1446 absolutae
2122 1384 2275 1444 sunt
2309 1378 2462 1444 illae
2498 1376 2882 1468 sententiae,

563 1485 673 1567 qui
719 1505 856 1552 mos
907 1491 1048 1552 erat
1093 1487 1216 1552 VII
1264 1487 1689 1570 Sapientiam,
1740 1493 1806 1553 et
1852 1485 2214 1567 complures
2261 1504 2438 1551 more
2492 1484 2888 1550 Graecorum

556 1591 874 1658 infinitivo
923 1613 1291 1676 expressae,
1337 1595 1540 1660 veluti
1602 1593 1817 1669 ,fidem
1867 1611 2151 1673 servare,
2200 1592 2724 1682 iniuriam-pati&
2774 1590 2892 1654 sed

561 1701 758 1766 etiam
807 1701 1126 1767 Stobaeus
1189 1703 1256 1766 in
1304 1699 1491 1768 floril.
1551 1701 1614 1782 3,
1676 1701 1781 1768 79.
1829 1700 1918 1768 80
1963 1721 2035 1766 re
2084 1719 2239 1766 vera
2301 1717 2411 1764 eas
2474 1705 2725 1781 septem
2772 1697 2889 1764 Sa-

560 1807 892 1888 pientibus
939 1807 1141 1874 tribui
1188 1807 1540 1875 confirmat.
1638 1810 2036 1890 Quamquam
2099 1813 2316 1873 utrum
2380 1807 2513 1871 sint
2563 1805 2781 1870 omnia
2826 1806 2894 1869 in

565 1913 616 1976 P
663 1912 742 1977 ad
792 1931 942 1978 suos
994 1933 1284 1996 quaeque
1344 1915 1765 1997 philosophos
1814 1922 1992 1980 recte
2040 1914 2250 1978 relata
2297 1931 2525 1991 necne,
2587 1914 2707 1978 hoc
2753 1911 2897 1978 loco

563 2036 887 2100 exponere
937 2020 1201 2104 longum
1266 2005 1385 2084 est.
1480 2021 1777 2102 Denique
1828 2040 1991 2102 quae
2056 2019 2419 2085 sententiae
2468 2019 2703 2084 Catoni
2768 2020 2894 2102 (se.

559 2125 814 2208 majori)
874 2125 1352 2206 adscribuntur,
1421 2147 1641 2194 earum
1705 2130 2045 2194 maximam
2106 2131 2357 2209 partem
2420 2145 2574 2192 vere
2625 2126 2897 2192 Catonis

561 2251 710 2298 esse
758 2233 886 2296 iam
933 2231 1050 2296 Ed.
1088 2233 1498 2298 Woelfflinus
1549 2235 1811 2315 (Philol.
1862 2256 1913 2300 v.
1964 2235 2143 2311 VIII,
2194 2231 2328 2301 680
2372 2235 2497 2315 sq.)
2548 2232 2691 2298 coll.
2744 2231 2897 2296 Plu-

564 2337 770 2404 tarchi
833 2339 1136 2421 apophth.
1205 2340 1299 2404 ita
1363 2341 1869 2417 demonstravit,
1943 2345 2017 2406 ut
2074 2340 2431 2408 Jordanum
2494 2339 2560 2404 in
2628 2339 2895 2404 Catonis

568 2444 951 2526 fragmentis
996 2462 1137 2527 pag.
1181 2446 1391 2512 CVIII
1439 2455 1503 2513 et
1551 2449 1619 2513 in
1667 2467 1891 2515 museo
1936 2448 2251 2514 Rhenano
2300 2445 2541 2525 14‚275
2588 2444 2899 2511 dubitati-

567 2553 675 2617 oni
721 2550 932 2616 locum
979 2551 1237 2618 dedisse
1286 2555 1505 2620 mirer.
1613 2555 1815 2620 Immo
1876 2559 2014 2619 veri
2077 2553 2478 2620 simillimum
2542 2559 2643 2618 est
2704 2551 2901 2616 etiam

575 2658 736 2734 illas
787 2658 866 2722 de
916 2657 1146 2738 quibus
1193 2658 1606 2725 Woelfflinus
1668 2659 2008 2738 dubitavit,
2073 2660 2301 2743 (‚Satis
2350 2663 2453 2724 est
2498 2658 2727 2724 heredi
2774 2657 2897 2723 lar-

563 2766 736 2848 giter
782 2782 1128 2846 superesse
1177 2783 1366 2846 quam
1413 2766 1542 2848 ipsi
1589 2784 1813 2848 parum
1864 2773 2052 2842 esse‘,
2104 2765 2409 2844 ,Iniuriae
2458 2761 2711 2830 obviam
2756 2764 2901 2848 ito‘)

568 2876 634 2936 et
680 2877 946 2953 propter
985 2870 1191 2952 ipsam
1229 2872 1512 2938 indolem
1550 2892 1624 2939 ac
1662 2877 1959 2939 naturam
1996 2876 2489 2955 praeceptorum
2532 2877 2598 2938 et
2633 2875 2904 2956 propter

567 2978 880 3043 orationis
927 2978 1352 3060 asperitatem
1400 2980 1478 3043 ad
1533 2979 1845 3045 Catonem
1894 2977 2275 3044 referendas
2327 2995 2493 3046 esse.

761 3083 914 3150 Illas
991 3084 1454 3166 inscriptiones
1536 3087 1840 3168 quoniam
1922 3086 2055 3152 suis
2138 3086 2299 3152 locis
2374 3105 2502 3152 non
2576 3104 2722 3152 esse
2800 3101 2901 3148 re-

569 3192 918 3256 movendas
1005 3191 1354 3272 evicimus,
1436 3203 1651 3259 tamen
1722 3212 1761 3258 a
1830 3191 1957 3257 fide
2040 3193 2231 3258 huius
2316 3194 2551 3259 codicis
2622 3187 2902 3254 Parisini

570 3302 794 3361 nostro
851 3297 1003 3378 jure
1075 3297 1144 3362 in
1216 3299 1641 3382 inscriptione
1712 3299 2099 3374 ‚CATONIS
2158 3299 2495 3366 ALTERI‘
2566 3294 2901 3376 (alterius)

570 3401 684 3470 fol.
749 3401 879 3469 2οὓ
945 3403 1283 3469 discedere
1354 3405 1541 3482 nobis
1607 3407 1921 3474 videmur.
2034 3409 2195 3473 Nam
2263 3425 2342 3470 ne
2410 3418 2906 3468 commemorem

575 3507 889 3574 Catonem
937 3508 1237 3590 alterum,
1290 3514 1400 3592 qui
1438 3513 1630 3596 vulgo
1658 3514 1991 3580 Uticensis
2040 3511 2419 3595 appellatur,
2471 3507 2633 3574 nihil
2676 3507 2905 3589 scripti

570 3614 943 3696 reliquisse,
992 3617 1200 3697 magis
1251 3622 1446 3685 etiam
1497 3641 1641 3686 meo
1689 3622 1947 3703 quidem
1996 3619 2232 3685 iudicio
2275 3617 2519 3682 mirum·
2548 3613 2907 3692 videretur,

578 3722 636 3788 si
687 3728 1050 3786 ceterorum
1099 3724 1490 3807 sapientium
1541 3735 1674 3794 tam
1711 3746 1957 3810 paucae
1994 3723 2360 3790 sententiae
2409 3724 2589 3799 (octo
2628 3718 2909 3800 SoloniS,

574 3828 888 3894 tredecim
927 3828 1192 3897 Catonis
1245 3833 1600 3917 Censorii),
1651 3834 1843 3900 huius
1892 3839 2108 3896 autern
2152 3835 2284 3895 tam
2336 3827 2577 3892 multae
2628 3865 2709 3875 -
2760 3831 2914 3892 sunt

581 3935 754 4002 enim
801 3937 1143 4017 sexaginta
1209 3940 1490 4020 quinque
1560 3975 1640 3986 --
1706 3940 1771 4004 in
1843 3937 2314 4003 sententiarum
2381 3951 2619 4015 corpus
2690 3938 2912 4000 essent

575 4044 898 4123 receptae.
970 4042 1067 4106 Ne
1117 4044 1278 4109 illud
1325 4046 1586 4126 quidem
1632 4044 1950 4127 suspicari
2000 4042 2155 4107 licet
2199 4041 2374 4106 dicta
2409 4038 2911 4124 praeclarissimi

575 4147 902 4215 libertatis
973 4153 1478 4232 propugnatoris
1546 4152 1913 4218 Stoicorum
1983 4151 2229 4214 sectam
2305 4148 2586 4232 professi
2661 4146 2728 4211 in
2794 4159 2909 4208 ore

581 4257 910 4329 hominum
970 4253 1178 4320 fuisse
1249 4267 1315 4325 et
1378 4267 1609 4342 postea
1666 4259 1922 4324 demum
1987 4256 2231 4322 litteris
2304 4254 2683 4336 consignata
2746 4266 2913 4325 esse,

582 4375 737 4453 quia
785 4374 1058 4448 Seneca,
1107 4374 1175 4436 et
1222 4367 1361 4448 ipse
1407 4386 1446 4432 a
1495 4367 1862 4434 Stoicorum
1908 4363 2256 4446 disciplina
2303 4380 2433 4428 non
2480 4359 2755 4434 alienuS,
2804 4354 2919 4438 qui
