3209 4884
369 249 681 333 40
726 219 789 304 ,Ξ
899 209 913 221 “
985 211 995 219 “

591 447 774 513 Haec
835 448 1033 513 habui
1090 448 1170 512 de
1230 446 1360 512 illis
1435 448 1783 513 sententiis
1847 456 2012 530 quae
2090 453 2464 523 scriberem.
2576 441 2741 518 Num

414 554 712 636 pluribus
792 557 986 620 etiam
1058 554 1403 634 exempliS,
1471 552 1822 618 maioribus
1885 561 2287 635 argumentis
2358 579 2519 642 opus
2586 562 2741 642 nest?

411 664 610 728 Immo
686 681 841 727 vero
911 662 1035 725 iam
1101 659 1259 723 satis
1323 660 1690 725 ostendisse
1766 659 1919 724 mihi
1982 662 2209 727 videor
2254 667 2601 747 plurimas,
2662 686 2743 733 ne

408 771 616 835 dicam
653 777 918 834 cunctas
950 766 1306 831 sententias
1341 771 1606 847 praeter
1653 765 1831 851 illas,
1884 784 2039 847 quas
2071 768 2287 849 priore
2322 781 2511 852 parte
2554 775 2742 839 huius
2844 826 2853 832 .

411 876 869 960 disputationis
909 877 1021 938 aut
1053 873 1447 955 Pythagorae
1488 881 1600 938 aut
1633 873 2000 939 Aristotelis
2036 882 2147 937 aut
2177 881 2430 955 septem
2473 879 2739 962 Sapien-

411 987 572 1051 tium
631 987 742 1048 aut
789 981 1051 1047 Catonis
1103 978 1364 1045 maioris
1413 987 1527 1043 aut
1584 980 1755 1045 alius
1801 981 2135 1046 cuiusdam
2179 982 2301 1046 viri
2336 981 2562 1063 inclyti
2593 1005 2740 1051 esse

410 1092 856 1156 demonstrare
887 1093 1154 1152 conatus
1190 1104 1349 1162 sum,
1384 1104 1464 1149 ex
1489 1085 1727 1150 nullius
1756 1086 1882 1151 nisi
1920 1086 1991 1150 L.
2032 1088 2344 1153 Annaei
2382 1088 2741 1155 Senecae

412 1196 775 1280 philosophi
808 1193 993 1259 libris
1027 1193 1440 1273 depromptas
1475 1209 1642 1255 esse.
1717 1189 1847 1274 (Cf.
1881 1211 2025 1274 pag.
2055 1194 2101 1259 4
2136 1196 2310 1278 sqq.)
2388 1197 2475 1261 Ac
2507 1215 2738 1277 magna

407 1303 666 1386 quidem
703 1321 852 1383 pars
891 1301 1165 1379 illarum,
1214 1310 1284 1362 ut
1316 1316 1512 1380 supra
1551 1297 1758 1373 docui,
1810 1299 1877 1362 in
1925 1300 2087 1380 ipsis
2121 1302 2498 1366 Annaeanis
2529 1301 2737 1378 libris,

405 1413 516 1495 qui
560 1410 752 1477 hodie
800 1426 1054 1490 quoque
1105 1411 1396 1485 exstant,
1445 1406 1639 1471 facile
1689 1407 2051 1484 invenitur,
2102 1408 2194 1472 ita
2240 1414 2492 1488 tamen,
2543 1416 2616 1474 ut
2661 1409 2740 1474 ab

407 1521 526 1597 eis,
574 1519 681 1600 qui
731 1514 1196 1596 excerpserint‚
1242 1513 1505 1597 slogula
1550 1513 1866 1579 vocabula
1912 1520 2157 1579 temere
2205 1516 2311 1581 vel
2348 1517 2591 1581 omissa
2636 1516 2739 1582 vel

406 1626 631 1702 addita
675 1622 779 1687 vel
829 1620 1227 1701 interpolata
1272 1619 1424 1688 sint.
1517 1619 1839 1706 Tempora
1901 1639 2056 1686 vero
2114 1621 2311 1703 impia
2358 1626 2427 1686 et
2472 1619 2740 1702 perfida,

411 1751 578 1815 quae
644 1735 739 1794 tot
807 1730 969 1793 artis
1029 1745 1227 1808 opera
1276 1725 1949 1807 magnificentissima,
2009 1733 2107 1791 tot
2169 1728 2371 1792 libros
2433 1728 2744 1794 memoria

409 1836 809 1917 sempiterna
870 1835 1282 1914 dignissimos
1346 1833 1677 1898 oblivione
1741 1833 2131 1915 obruerunt,
2200 1834 2400 1898 etiam
2450 1834 2741 1900 Senecae

405 1942 774 2028 philosophi
850 1941 1093 2022 gloriae
1165 1941 1331 2006 adeo
1406 1942 1841 2022 obstiterunt,
1914 1946 1990 2006 ut
2056 1960 2136 2006 ex
2191 1940 2523 2024 plerisque
2599 1943 2741 2006 eius

413 2050 673 2131 scriptis
725 2046 836 2130 (cf.
870 2048 1108 2122 Haase,
1161 2049 1310 2113 Sen.
1344 2062 1488 2131 opp.
1524 2048 1648 2114 vol.
1687 2049 1803 2114 111.
1853 2067 1994 2130 pag.
2022 2047 2154 2116 418
2194 2053 2367 2130 sqq.)
2417 2049 2579 2114 nihil
2614 2050 2743 2115 iam

416 2156 545 2220 nisi
593 2155 761 2219 bona
808 2154 982 2219 fama
1030 2161 1097 2219 et
1143 2154 1317 2220 tituli
1384 2192 1460 2205 —-
1525 2157 1805 2238 primum
1852 2157 2022 2221 inter
2070 2174 2150 2220 ea
2187 2156 2485 2221 obtinent
2527 2156 2740 2221 locum

407 2262 1054 2329 Exhortationes
1124 2269 1189 2326 et
1248 2261 1781 2344 Philosophia
1839 2261 2215 2342 moralis,
2282 2281 2449 2344 quae
2496 2263 2737 2343 passim

406 2389 445 2436 a
490 2368 832 2435 Lactantio
882 2366 1229 2432 laudantur
1277 2364 1391 2443 (cf.
1440 2367 1678 2444 Haase,
1726 2366 1766 2431 l.
1817 2367 1857 2430 l.
1902 2385 1965 2448 p.
2013 2366 2144 2432 421
2193 2369 2321 2449 sq.)
2375 2405 2456 2414 -
2508 2385 2737 2447 super-

408 2480 662 2554 essent,
712 2475 840 2540 nisi
887 2489 1198 2558 prospero
1247 2474 1522 2557 quodam
1585 2493 1740 2539 casu
1800 2472 2094 2537 nonnulli
2141 2470 2334 2537 flores
2385 2478 2453 2537 et
2496 2472 2544 2537 ii
2590 2472 2735 2554 qui-

408 2585 554 2650 dem
619 2582 1023 2661 suavissimi,
1091 2599 1248 2647 cura
1305 2582 1719 2646 librariorum
1780 2599 1860 2646 ex
1918 2580 2014 2645 eis
2082 2578 2338 2644 collecti
2399 2585 2592 2661 atque
2660 2595 2741 2642 ex

408 2687 754 2771 naufragio
815 2689 1168 2772 redempti,
1227 2707 1347 2772 per
1407 2693 1505 2754 tot
1566 2688 1827 2754 saecula
1883 2687 2240 2752 incolumes
2304 2686 2387 2751 ad
2448 2690 2737 2752 nostram

407 2806 690 2867 aetatem
735 2798 1212 2879 pervenissent.
